2932 5046
548 453 598 503 na
620 455 767 507 orrrcro
789 456 907 521 inuers.

236 609 312 668 vobis
325 629 358 668 ne
370 611 499 669 doceretzb
510 613 540 670 in
551 616 658 671 nomine
671 616 731 684 atro,
747 615 787 673 ait
800 615 840 673 illi
855 624 953 691 petrus
964 624 993 673 et
1008 613 1094 672 ceteri
1106 612 1227 689 apostoli

232 717 409 792 pertinenter
422 718 462 776 illi
478 720 709 795 responderunt¹
728 720 843 779 Obedz're
856 727 959 796 oportet
968 719 1027 777 Deo
1039 722 1131 794 magis
1145 739 1232 794 quom

232 822 407 896 homz'm'bus3
429 824 509 901 quod
529 826 638 885 dictum
657 827 756 886 luisset
770 827 852 885 valde
866 827 1058 903 impertinens
1072 827 1127 884 nisi
1142 845 1230 902 opor·

232 929 334 989 tuisset
361 930 534 991 Petmm'et
556 942 669 992 ceteros
693 934 842 1010 apostolos
867 934 987 993 obedire
1009 932 1176 991 hominibus
1201 941 1232 991 et

208 1035 393 1111 5specialiter
407 1038 475 1114 regi,
492 1039 538 1096 cui
557 1039 687 1097 resistere
704 1057 765 1097 non
784 1039 958 1110 obediendo,
973 1056 1040 1097 cum
1059 1039 1095 1096 sit
1108 1038 1230 1096 vicarius

233 1141 288 1213 dei,
303 1141 416 1202 habens
430 1145 467 1202 ab
480 1163 517 1203 eo
530 1154 705 1220 potestatem
718 1155 750 1203 ut
765 1145 819 1204 sibi
833 1157 973 1222 tanquam
989 1144 1054 1204 Deo
1068 1145 1228 1216 obediatur,

232 1245 307 1306 foret
331 1249 442 1324 spiritui
466 1259 568 1308 sancto
590 1251 730 1310 resistere.
773 1253 809 1310 In
834 1253 1005 1312 obediencia
1029 1253 1126 1327 itaque
1151 1252 1440 1334 prin-ruthenense-

231 1352 342 1428 cipibus
357 1355 446 1413 seculi
456 1364 512 1414 stat
525 1358 662 1415 meritum
682 1358 783 1433 prelati
796 1358 957 1435 apostolici,
972 1359 1051 1418 unde
1065 1357 1230 1417 sacerdotes
1239 1315 1427 1416 llflltetdhlopsrllrf

66 1464 211 1543 Josh.i,iii‚
230 1459 304 1535 legis
325 1462 428 1520 veteris
456 1463 630 1522 obedierunt
658 1463 753 1537 Iosue,
778 1475 810 1523 ut
833 1474 911 1541 patet
932 1464 991 1523 los.
1016 1474 1057 1537 10,
1081 1475 1123 1539 3⁰,
1144 1474 1173 1523 et
1196 1473 1230 1536 4⁰

66 1548 204 1647 ffimffi·
231 1565 294 1640 cab,
319 1577 348 1626 et
371 1576 470 1627 tamen
493 1569 555 1646 ipse
580 1570 633 1629 fuit
654 1571 691 1630 de
715 1571 792 1629 tribu
817 1571 955 1648 Effraym,
979 1581 1011 1629 ut
1035 1580 1115 1647 patet
1139 1571 1228 1630 Num.

67 1662 91 1711 ⁸·
234 1683 294 1747 13⁰.
338 1673 510 1734 Sacerdotes
531 1687 629 1735 autem
650 1677 724 1754 legis
744 1678 848 1736 veteris
870 1677 964 1753 magis
985 1678 1168 1736 attenderant
1191 1676 1228 1735 ad

66 1780 99 1829 0·
230 1779 358 1840 honores
381 1781 555 1855 mundanos,
578 1783 630 1843 sed
655 1783 765 1844 Cristus
790 1784 843 1842 fuit
863 1783 1029 1842 humanitus
1060 1782 1227 1841 humilimus
1236 1796 1334 1848 Thirdly,
1344 1797 1381 1838 the

1235 1848 1322 1898 pontiffs
1331 1862 1355 1888 as
1364 1847 1433 1890 vicar!

65 1895 140 1946 Matt.
152 1896 196 1945 xii.
229 1897 258 1947 et
283 1906 397 1947 summe
420 1889 570 1963 obediens,
594 1901 626 1949 ut
653 1901 733 1967 patet
762 1889 868 1949 Matth.
892 1890 941 1948 xii.
983 1890 1022 1948 Et
1047 1909 1083 1948 ex
1109 1890 1169 1948 istis
1193 1901 1227 1964 3⁰
1237 1899 1262 1988 pf
1257 1899 1337 1999 pilli&
1345 1899 1401 1989 3220
1401 1899 1439 1940 the

229 1995 359 2070 arguitur
379 1996 460 2072 quod
474 1997 635 2073 pontifices
650 1998 746 2057 vicarii
761 1998 848 2056 Cristi
866 2007 895 2056 et
912 1997 1121 2073 apostolorum,
1137 1997 1407 2091 debu·{'ff{¹„¹‡‡r‘ffi»2b⁸y

65 2115 128 2163 not
137 2116 185 2168 171
194 2126 220 2165 a.
228 2112 313 2161 erunt
327 2099 342 2132 *
358 2103 476 2162 obedire
496 2103 599 2162 mundi
620 2105 798 2181 principibus
820 2113 849 2163 et
869 2104 1005 2163 lecerunt.
1047 2099 1440 2192 Debuemnt,gifjl¹¹ggf·³¹¹dtl05

229 2210 260 2268 in
274 2219 418 2287 quantum
431 2210 585 2286 collegium
601 2210 687 2270 Cristi
701 2219 730 2268 et
749 2210 950 2287 apostolorum
964 2210 1045 2286 quod
1062 2210 1148 2269 debet
1162 2229 1227 2270 esse

229 2316 379 2393 exemplar
398 2335 500 2375 eorum
521 2317 563 2376 sic
578 2316 692 2387 fecerat,
708 2335 779 2392 ergo
800 2317 894 2375 multo
914 2317 1008 2393 magis
1025 2316 1064 2374 illi
1083 2317 1134 2393 qui
1149 2335 1229 2375 rece·
1267 2394 1268 2398 Ἰ

228 2431 331 2499 perant
358 2441 376 2480 a
410 2422 513 2481 mundi
543 2423 721 2500 principibus
749 2423 923 2482 elemosinas
954 2423 1104 2499 largiores
1146 2423 1229 2483 Licet

229 2529 310 2588 enim
323 2548 375 2606 per
389 2530 525 2589 accidens
539 2529 621 2605 ipsos
635 2529 850 2606 imperfecerint
864 2530 894 2587 in
910 2529 1050 2601 dotand0,
1061 2529 1119 2588 hoc
1130 2538 1230 2588 tamen

189 2655 221 2691 ao
230 2635 343 2694 videtur
367 2635 476 2695 factum
499 2655 535 2694 ex
556 2635 663 2711 pietate
685 2654 756 2695 ceca
779 2653 834 2712 pro
859 2653 917 2711 qua
941 2653 1003 2693 non
1024 2635 1098 2694 soret
1117 2636 1159 2695 eis
1180 2635 1227 2693 lex

229 2742 399 2802 obediencie
422 2742 637 2819 dismmpenda.
679 2741 767 2801 Unde
792 2744 932 2800 mirantur
959 2741 1045 2819 logici
1073 2743 1225 2818 quomodo
1236 2753 1312 2812 Hence
1320 2766 1359 2794 our
1368 2753 1421 2805 lori-

1233 2817 1292 2844 crans
1305 2805 1391 2845 wonder

227 2866 339 2925 pauper
353 2848 581 2908 obedienciarius
596 2847 632 2908 de
646 2857 713 2924 post
728 2846 850 2907 letantes
864 2845 976 2906 factus²
996 2867 1075 2924 papa
1088 2848 1133 2906 vel
1147 2849 1223 2924 epis·
1232 2854 1440 2945 ffiffffiw'w

227 2972 321 3031 copus
334 2955 503 3014 redderetur
517 2955 587 3014 nulli
601 2954 784 3015 conversanti
799 2971 898 3012 secum
912 2954 1053 3013 obediens
1067 2964 1224 3032 postquam
1232 2954 1439 3047 ffiffibfsdjggg

227 3061 383 3121 inmediate
400 3071 467 3121 ante
481 3061 613 3120 habuerit
621 3061 755 3118 virtutem
768 3061 939 3120 obediencie
953 3061 1142 3120 inclinantem
1157 3069 1296 3121 eumW·

189 3179 218 3230 ²5
228 3175 260 3225 ut
281 3167 398 3227 obediat
419 3169 591 3245 cuicunque.
633 3167 711 3226 Cum
734 3167 813 3224 enim
836 3178 934 3225 manet
960 3168 1064 3226 eadem
1086 3169 1175 3227 virtus
1198 3177 1227 3227 et

226 3273 322 3332 idem³
337 3290 449 3332 summe
462 3274 603 3333 obediens
617 3273 779 3332 secundum
793 3272 981 3350 prudenciam
991 3292 1073 3332 suam
1083 3275 1227 3333 inclinans
1290 3304 1299 3338 t
1367 3324 1370 3329 .

226 3379 358 3438 virtutem
377 3397 414 3438 ex
431 3380 534 3439 maiori
554 3380 661 3457 gracia,
675 3380 785 3438 videtur
799 3379 879 3456 quod
893 3380 1066 3439 obediencia
1079 3379 1127 3439 illa
1143 3381 1223 3439 incli-
1233 3384 1437 3478 {gfflgpffit

226 3486 308 3544 nabit
334 3485 372 3544 ad
399 3485 489 3544 lacius
517 3487 562 3544 vel
589 3485 729 3544 intensius
757 3485 962 3557 obediendum,
986 3503 1055 3545 cum
1082 3484 1138 3545 hoc
1165 3505 1226 3545 non
1234 3487 1287 3529 nan
1295 3500 1352 3530 ever·

226 3599 370 3669 repugnat
383 3591 468 3650 statui
477 3590 530 3651 sed
543 3591 662 3650 decorat
670 3591 690 3648 ⁴.
732 3591 930 3650 Confirmatur
944 3591 1046 3669 triplici
1060 3592 1227 3651 testimonio

187 3719 219 3768 30
227 3697 394 3773 exemplari,
415 3697 509 3774 primo
537 3716 574 3756 ex
603 3697 680 3755 dicto
708 3697 739 3755 in
768 3696 888 3756 Summa
916 3716 1104 3769 summarum,
1128 3699 1158 3756 in
1183 3698 1228 3756 De

226 3805 384 3862 moiorz'tole
415 3811 441 3862 et
469 3804 622 3863 obedz'enczo
652 3803 684 3861 in
705 3803 771 3875 fine,
792 3804 842 3862 ubi
874 3805 928 3862 sub
955 3805 1124 3863 auctoritate
1152 3807 1229 3864 beati

56 3910 209 4024 &12lest
227 3909 362 3986 Gregorii
382 3909 498 3986 ponitur
519 3927 579 3968 una
599 3910 710 3968 subtilis
734 3909 883 3970 conclusio
905 3920 934 3969 et
953 3911 1040 3987 plene
1061 3911 1438 4013 instructivatliegrcsslessffigzrffi

56 4040 144 4090 mffi
154 4039 199 4104 ref
225 4013 356 4075 ecclesie.
394 4014 542 4087 Obedt'enlr',
553 4015 654 4092 inquit,
669 4017 763 4074 omnia
784 4015 917 4087 obediunt,
929 4023 1038 4074 creator
1051 4023 1077 4074 et
1089 4023 1227 4074 creatura.
1236 4014 1412 4115 ffigfflbe

57 4107 148 4221 {geg
225 4121 264 4181 El
277 4131 372 4198 POlest
386 4121 439 4181 isla
459 4122 582 4182 salubris
603 4122 756 4181 conclusio
773 4120 996 4181 *demonstrari
1014 4141 1051 4180 ex
1066 4122 1122 4181 fide
1137 4114 1310 4198 scrip-diens

258 4251 267 4281 ¹
284 4251 459 4316 responderent
471 4251 509 4301 illi
518 4258 565 4315 pro
576 4251 615 4301 illi
627 4251 812 4318 responderunt,
824 4262 851 4301 n.
917 4249 927 4277 ²
943 4251 1034 4300 fructus
1040 4259 1090 4315 pro
1101 4252 1187 4313 factus,
1199 4264 1226 4306 Α.

226 4329 236 4358 ⁸
253 4329 393 4395 subiectum
401 4335 458 4395 post
468 4329 544 4393 idem,
557 4331 585 4378 in
597 4345 678 4392 marg.
692 4329 747 4378 add.
761 4341 787 4379 Α.
854 4329 863 4356 ¹
881 4327 975 4388 deceat,
987 4340 1013 4379 Α.

716 4432 736 4472 R
