2828 5048
99 382 160 464 23⁶
620 393 669 441 ur
692 393 839 443 orrrcro
864 392 981 443 naurs.
1053 360 1056 366 ’

309 551 453 610 subiectis.
497 549 576 608 Nam
591 550 711 608 subiecti
726 567 795 626 sepe
810 548 916 608 exinde
938 551 1152 609 contrariantur
1166 552 1311 613 voluntati

98 673 265 714 uferatesmaue
308 657 402 716 divine
417 657 498 733 quod
513 656 635 714 omnino
650 655 761 731 desapit
781 656 905 731 culpam.
950 654 1078 715 Subiecti
1092 658 1186 717 eciam
1202 659 1311 718 exinde

98 723 154 765 their
163 724 256 774 subjects

96 787 140 864 3¹31
157 773 298 875 affigi?
307 763 371 839 plus
386 764 488 821 timent
506 762 657 821 hominem
676 771 794 837 propter
815 762 877 819 eius
897 780 1004 837 penam
1028 762 1169 821 inflictam
1191 775 1311 824 contra.

97 873 280 965 {ssssffgmssfffffgst
306 869 467 928 dicentibus
481 885 569 945 quam
584 868 686 926 timent
700 866 787 924 deum
799 866 978 942 infligentem
989 885 1097 943 penam
1108 869 1311 929 insensibilem

96 987 154 1017 “¹0¹⁸
224 975 296 1019 00d'⁵·
306 985 335 1034 et
363 983 513 1034 remotam.
557 973 615 1032 Sed
643 973 666 1030 si
695 972 759 1030 talis
787 972 913 1030 titubans
943 971 958 1003 *
987 972 1140 1032 infidelitas
1169 977 1310 1034 continue
1320 992 1411 1040 uoulo

304 1080 434 1139 infuisset
462 1079 625 1138 martiribus
650 1077 800 1155 quomodo
830 1097 866 1136 ex
894 1096 997 1136 eorum
1025 1097 1144 1153 agressu
1173 1081 1310 1140 tantum¹

304 1187 439 1262 viguisset
453 1185 591 1244 ecclesial
634 1184 716 1242 Licet
730 1185 810 1243 enirn
824 1185 993 1260 persecucio
1009 1185 1062 1243 ista
1076 1187 1258 1262 yppocritica
1272 1189 1309 1246 sit

305 1292 501 1369 periculosior,
517 1300 549 1349 ut
564 1299 643 1367 patet
658 1289 761 1350 Matth.
774 1290 862 1361 xxiiii,
877 1308 914 1348 eo
929 1289 1010 1367 quod
1025 1300 1068 1348 est
1083 1291 1153 1350 dolo
1166 1295 1308 1365 subtilior,
1318 1305 1388 1355 Matt.

305 1410 405 1457 tamen
420 1418 456 1457 ex
471 1398 529 1456 fide
549 1398 690 1474 scripture
712 1407 754 1455 est
776 1397 825 1472 pio
847 1397 983 1457 cristiano
1006 1397 1139 1456 doctrina
1161 1399 1309 1460 sufficiens
1320 1384 1356 1434 ²9·

306 1504 344 1563 ad
359 1504 563 1563 declinandum
578 1513 607 1561 et
621 1502 828 1561 destruendum
845 1501 899 1561 has
918 1501 1042 1562 hereses.
1086 1503 1166 1562 Nam
1182 1505 1206 1563 si
1221 1524 1309 1565 cecus
1320 1533 1349 1570 ιο

305 1611 472 1687 prepositus
498 1629 569 1669 ceco
598 1609 713 1668 subdito
741 1609 880 1667 ducatum
909 1610 1063 1684 prestiterit
1092 1610 1129 1669 ad
1158 1612 1309 1689 agendum

305 1726 407 1775 contra
425 1717 602 1775 voluntatem
623 1716 759 1787 divinam,
784 1733 852 1774 cum
875 1714 945 1774 deus
965 1715 1014 1775 wlt
1032 1717 1206 1791 generaliter
1227 1719 1309 1794 quod

305 1822 396 1881 homo
421 1822 507 1881 faciat
531 1822 587 1880 deo
608 1820 774 1897 placencius
799 1830 827 1879 et
850 1821 981 1897 sibiipsi
1005 1821 1111 1893 utilius,
1136 1821 1309 1882 ad'tantum

305 1938 404 2005 posset
430 1928 561 1987 subditus
586 1945 650 1986 esse
675 1927 706 1984 in
731 1911 843 2002 peccati
868 1926 983 1986 foveam
1008 1927 1202 2005 profundatus
1228 1930 1310 2005 quod

99 2048 164 2089 nun
173 2049 272 2100 Apostles
306 2034 393 2094 faciat
411 2035 532 2093 omnino
554 2033 610 2093 deo
632 2033 788 2110 displicens
809 2043 839 2092 et
859 2034 914 2096 sibi
929 2034 1037 2093 inutile.
1082 2034 1112 2092 Si
1126 2053 1199 2111 ergo
1215 2037 1349 2095 sanctio.

96 2098 229 2148 sinned,how
235 2099 299 2141 much

97 2150 266 2249 pgffiffihe
307 2142 430 2218 apostoli
450 2141 634 2200 consulentes
648 2139 746 2198 Deum
767 2139 912 2198 humiliter
932 2148 1090 2214 peccarunt
1110 2142 1259 2214 continue,
1276 2152 1309 2200 ut

96 2249 171 2290 lovers
179 2251 204 2291 of
211 2251 248 2291 the
307 2255 386 2322 patet
400 2245 462 2305 Ioh.
481 2257 521 2318 10,
534 2255 643 2322 quanto
659 2245 752 2321 magis
766 2245 859 2321 ignari
874 2253 1029 2320 sequentes
1040 2244 1145 2303 ducem
1157 2248 1308 2322 superbie?
1315 2261 1414 2326 Joumr

26 2348 31 2357 ι
97 2298 170 2350 prince
178 2299 284 2352 ofpridel

306 2353 390 2411 Licet
404 2361 501 2411 autem
515 2353 684 2428 capitaneus
699 2352 793 2428 magis
807 2355 917 2428 peccat,
932 2361 1030 2409 tamen
1052 2360 1167 2425 oportet
1182 2353 1307 2411 omnino

306 2458 386 2534 quod
401 2468 524 2534 peccent
540 2467 695 2533 sequentes
709 2458 772 2516 eius
782 2456 909 2532 vestigia,
921 2465 950 2514 et
964 2455 1127 2531 specialiter
1142 2457 1268 2517 scientes
1279 2467 1308 2517 et

305 2563 485 2640 negligentes
521 2563 616 2639 ipsum
645 2563 796 2638 corripere.
838 2561 887 2619 Ad
920 2560 977 2620 hoc
1011 2562 1091 2620 enirn
1118 2561 1200 2620 dedit
1234 2564 1306 2624 deus
1316 2589 1345 2625 ιο

305 2669 417 2728 homini
432 2670 604 2745 scripturam
618 2669 773 2727 voluntatis
787 2686 838 2726 sue
852 2677 883 2726 ut
898 2668 1074 2744 contemptis
1095 2669 1307 2730 tradicionibus

96 2782 236 2843 Thrvuslrits
251 2775 458 2835 ner-hominum
481 2776 643 2834 secundum
664 2775 758 2850 ipsam
781 2774 868 2849 eligat
891 2773 1018 2849 pociora.
1059 2773 1099 2832 Et
1113 2774 1156 2833 sic
1170 2781 1307 2850 perversa

95 2834 429 2942 {faiiffliisslissom-ecclesia
457 2883 494 2939 ab
522 2881 633 2939 unitate
667 2880 770 2955 capitis
807 2881 837 2938 in
871 2878 1085 2937 multitudinem
1119 2881 1260 2956 capitum,
1288 2899 1306 2939 a

95 2935 278 3078 ἓηέξῗῑέοὲἑῑξὲ
306 2986 455 3062 privilegio
470 2987 500 3043 in
514 2985 706 3063 privilegium,
722 2995 750 3044 et
770 2984 893 3043 omnino
908 2985 946 3042 ab
967 2984 1140 3042 obediencia
1157 2986 1188 3042 in
1203 2986 1305 3045 obedi·

306 3092 421 3150 enciam
435 3109 554 3150 necesse
574 3101 616 3150 est
636 3091 730 3167 ipsam
751 3091 792 3148 ire
813 3091 844 3147 in
865 3090 1063 3166 precipicium.
1105 3089 1213 3150 Omnis
1227 3094 1342 3164 enimr5

307 3207 447 3269 creatura,
465 3197 559 3256 eciam
576 3198 799 3272 pseudocristus,
815 3197 883 3254 dicit
899 3194 914 3227 *
931 3195 1001 3254 mihi
1018 3196 1195 3268 naturaliter,
1211 3207 1241 3256 et
1255 3209 1379 3274 per4au

305 3320 490 3380 consequens
511 3303 637 3381 proprie,
653 3302 733 3379 quod
747 3301 803 3360 deo
817 3311 861 3360 est
875 3301 1075 3377 superomnia
1095 3302 1304 3375 obediendum,

305 3418 348 3487 et
362 3409 503 3467 infinitum
529 3409 595 3485 plus
619 3426 708 3483 quam
736 3407 791 3484 ipsi
821 3407 1030 3483 pseudocristo,
1052 3409 1104 3482 qui
1131 3408 1202 3466 dicit
1233 3408 1305 3467 mihi

305 3514 501 3575 innaturaliter
524 3524 552 3572 et
574 3515 725 3590 inproprie
746 3514 828 3589 quod
853 3512 948 3571 debeo
970 3512 1009 3571 ad
1030 3512 1204 3572 mandatum
1218 3522 1305 3573 suurn

303 3621 398 3680 facere
419 3621 560 3679 voluntati
582 3620 679 3678 divine
702 3620 889 3678 contrarium.
944 3618 983 3676 Et
997 3616 1119 3677 tamen¹
1138 3621 1304 3679 obaudiens
1312 3642 1343 3692 30

302 3736 404 3786 muteo
423 3727 521 3803 quoad
543 3726 614 3785 illud
635 3725 716 3802 quod
737 3725 808 3784 deus
831 3726 861 3782 in
887 3725 952 3803 ipso
976 3724 1103 3802 loquitur
1122 3726 1303 3785 etobedio³

303 3833 442 3892 mandato
458 3831 538 3909 quod
556 3831 657 3891 lucifer
670 3833 700 3889 in
715 3832 780 3908 ipso
794 3831 929 3908 loquitur.
973 3830 1046 3889 ldeo
1066 3837 1129 3890 non
1150 3830 1258 3890 mirum
1279 3832 1305 3891 si

303 3939 405 4016 religio
419 3958 456 3997 ex
471 3938 585 3997 deiectu
600 3956 667 3996 vere
681 3937 851 3997 obediencie
865 3938 901 3995 sit
914 3954 1021 3995 eversa.

344 4045 413 4117 Quo
436 4045 473 4104 ad
497 4055 541 4120 311¹
563 4055 704 4121 punctum
725 4053 805 4121 patet
830 4043 909 4120 quod
933 4041 1244 4102 excomunicacio'est
1267 4043 1345 4101 ti-H·

303 4152 420 4222 menda,
435 4161 464 4210 et
478 4150 638 4227 specialiter
652 4150 692 4208 illi
706 4150 756 4227 qui
770 4149 975 4208 excomunicat
985 4166 1023 4207 ne
1033 4165 1064 4207 se
1075 4148 1172 4225 ipsum
1182 4146 1301 4209 inficiat.
1310 4150 1339 4201 ³5

368 4272 376 4300 ¹
395 4276 500 4328 tantum,
512 4287 559 4322 m.
572 4285 598 4320 n.
676 4270 686 4300 ²
702 4277 797 4320 tantum
808 4276 857 4334 pro
868 4274 960 4330 tamen,
972 4281 998 4319 Α.
1076 4268 1086 4298 ¹
1101 4266 1195 4327 obedit,
1208 4280 1235 4319 Α.
