2828 5048
588 401 638 450 DE
662 399 809 450 OFFICIO
832 398 951 448 REGIS.

263 561 418 640 quomodo
447 560 501 620 iste
532 571 651 619 sanctus
684 559 768 619 dicit:
805 558 844 617 Se·
871 561 1024 632 imperator
1051 577 1069 613 a
1097 576 1139 614 me
1169 561 1270 632 peteret

251 671 383 748 fundum
406 688 503 738 meum,
526 674 673 742 argentum
695 686 782 724 meum
806 673 833 724 ct
852 666 1015 723 huiusmodi
1034 684 1130 737 meum,
1154 684 1211 722 non
1232 683 1271 722 me

261 777 488 855 refragaturum,
504 793 672 850 quamquam
687 775 780 831 omnia
795 793 854 830 mea
868 775 928 830 rint
933 783 1101 848 pauperum.
1131 769 1272 842 Quamvis

262 893 361 942 autem
392 882 491 941 omnia
519 882 574 938 ista
602 880 774 956 temporalia
803 880 861 936 sint
888 879 1081 955 imperatoris,
1105 887 1138 936 ut
1166 878 1272 954 allegat

264 991 355 1067 glosa.
376 989 476 1048 cxviii
499 989 536 1046 di.
552 987 683 1063 capitulo
708 985 786 1057 Qu0¹
801 989 870 1058 titre,
887 1005 949 1044 non
969 996 1069 1044 tamen
1090 985 1129 1044 ad
1150 986 1381 1044 abulen-Beer*

265 1096 336 1156 dum
363 1096 409 1154 vel
437 1095 568 1170 religioni
599 1093 685 1152 Cristi
720 1093 969 1170 preiudicandum,
997 1092 1066 1151 ideo
1101 1093 1182 1151 bona
1215 1059 1381 1168 quen'w

265 1204 400 1282 privatim
428 1201 515 1259 habet
550 1200 586 1258 ad
614 1218 700 1258 usum
729 1211 757 1259 et
785 1200 979 1258 ministerium
1015 1209 1112 1276 potest
1144 1199 1272 1275 legitime

265 1311 431 1389 permittere
460 1307 598 1368 Cesarem
629 1306 761 1378 aufferre,
791 1307 884 1366 eciam
913 1308 1028 1379 iniuste,
1054 1307 1116 1364 sine
1145 1304 1274 1364 sensibili

267 1417 434 1477 resistencia
456 1415 501 1473 vel
525 1432 680 1474 consensu.
722 1415 807 1473 Talia
829 1415 908 1472 enim
933 1414 999 1472 licet
1024 1414 1078 1471 sibi
1099 1413 1224 1471 aufferre
1244 1413 1275 1470 in

267 1543 337 1584 casu
352 1522 389 1582 de
404 1522 527 1581 ecclesia
541 1539 596 1597 pro
611 1521 780 1579 defensione
795 1521 916 1596 imperii,
928 1521 980 1579 sed
994 1520 1089 1578 facere
1103 1529 1225 1578 stratam
1239 1519 1315 1578 de10

268 1629 386 1690 comuni
414 1628 532 1687 basilica
560 1629 623 1686 sine
650 1637 772 1703 urgente
801 1627 971 1685 necessitate
999 1627 1040 1685 rei
1068 1626 1184 1702 publice
1213 1644 1276 1684 non

267 1738 366 1796 subest
380 1735 495 1794 Cesaris
510 1734 654 1811 potestati,
670 1752 738 1792 cum
753 1733 846 1792 cultus
860 1733 974 1792 divinus
988 1752 1049 1792 non
1065 1733 1101 1790 sit
1112 1732 1276 1792 vendibilis.

267 1844 307 1903 Et
334 1844 365 1902 in
388 1843 445 1901 hoc
471 1841 557 1901 docet
579 1840 706 1917 preferre
736 1843 849 1899 bonum
873 1841 1024 1917 publicum
1049 1842 1131 1900 bono
1152 1840 1277 1917 privato,

270 1950 358 2009 Unde
372 1968 439 2008 vere
453 1948 522 2007 dicit
536 1948 616 2026 quod
631 1948 655 2006 si
669 1948 877 2025 patrimonium
892 1948 964 2025 petit
978 1947 1024 2007 vel
1046 1947 1171 2007 fundum
1191 1966 1278 2006 suum

270 2056 315 2115 vel
335 2073 450 2131 corpuS,
475 2073 542 2112 cum
562 2055 619 2114 sint
642 2055 679 2113 de
704 2056 889 2131 possessione
914 2055 1044 2113 humana
1065 2054 1133 2114 licet
1152 2055 1185 2112 in
1207 2073 1279 2115 casu
1289 2073 1317 2124 15

270 2163 414 2234 invadere,
430 2171 458 2219 et
473 2161 637 2238 specialiter
652 2162 758 2220 clerico
773 2161 1020 2238 possessionatoa
1034 2162 1165 2238 principe
1177 2172 1207 2221 et
1217 2129 1381 2244 eius&

271 2270 384 2347 legibus
414 2268 581 2326 rebellante.
636 2266 724 2341 Nam,
760 2279 792 2326 ut
827 2279 907 2344 patet
942 2269 1116 2344 precedente
1151 2258 1321 2371 capitulo&

273 2377 311 2436 Si
323 2379 353 2433 in
368 2382 454 2434 morte
462 2375 481 2444 ²,
493 2375 624 2451 episcopi
639 2376 687 2451 qui
703 2394 763 2434 non
778 2386 983 2434 contentantur
997 2376 1138 2452 porcione
1158 2376 1281 2448 levitica,
1291 2393 1321 2438 u.

273 2483 325 2543 sed
337 2483 373 2542 de
382 2482 489 2543 Cesare
500 2482 608 2540 habent
619 2482 729 2559 predia,
743 2482 850 2541 debent
862 2483 917 2541 sibi
928 2472 1036 2546 tributa
1047 2494 1076 2544 et
1087 2482 1101 2515 ‘⁶
1112 2485 1381 2545 subiacent³1¹=

274 2591 393 2649 terrenis
417 2590 625 2649 exaccionibus
654 2589 707 2648 nisi
733 2589 806 2647 forte
831 2591 873 2648 eis
901 2589 937 2648 de
962 2592 1142 2668 benignitate
1164 2591 1347 2654 Cesarisau·

275 2699 310 2757 sit
337 2697 490 2756 indultum.
542 2695 715 2756 Notandum
744 2706 843 2755 tamen
868 2697 950 2773 quod
978 2697 1014 2757 de
1043 2700 1126 2758 omni
1147 2700 1284 2759 subiecto

274 2806 405 2863 humano
426 2804 558 2863 dominio
582 2804 653 2862 deus
674 2803 761 2862 habet
775 2805 925 2881 proprium
940 2815 968 2863 et
982 2805 1103 2881 capitale
1119 2806 1285 2865 dominium

275 2908 534 2971 et'ministerium*
548 2911 603 2969 sibi
618 2911 860 2987 correspondens
889 2910 1011 2970 Videtur
1025 2912 1189 2971 dominium
1203 2912 1368 2991 quodev

277 3017 425 3079 nonlicet
449 3025 579 3075 creature
604 3017 710 3091 tollere,
735 3018 787 3076 sed
814 3037 870 3094 pro
892 3019 979 3077 huius
1003 3019 1173 3079 defensione
1198 3020 1286 3078 debet

277 3124 396 3183 nedum
409 3123 541 3181 sacerdos
564 3123 617 3181 sed
640 3127 736 3202 omnis
756 3127 909 3185 cristianus
929 3127 1016 3186 morti
1035 3145 1066 3185 se
1088 3145 1239 3203 exponere
1261 3127 1286 3185 si
1295 3149 1344 3201 25

278 3239 400 3307 oportet.
425 3229 606 3290 ⁴Ideodicit
628 3231 776 3310 decretum
789 3232 939 3292 Ambrosii
958 3234 1133 3310 allegatum:
1154 3232 1381 3310 Impera-De

279 3339 338 3396 tori
361 3339 442 3395 licere
470 3338 562 3393 omnia
590 3339 680 3413 aperio
714 3359 769 3396 esre
802 3343 944 3400 universa.
999 3340 1181 3418 Respondeo:
1215 3309 1381 3440 Νοῖιόῥοἶ

275 3463 405 3521 gravare
428 3450 460 3515 te,
483 3442 650 3520 Imperator,
679 3453 712 3503 ut
731 3454 813 3524 putes
837 3453 861 3504 te
885 3450 914 3505 in
939 3449 996 3506 hri's
1018 3467 1069 3524 que
1096 3448 1197 3506 dr'nz'rta
1224 3448 1357 3506 cunrat

70 3568 91 3610 s.
103 3566 207 3608 Ambrose
218 3562 256 3605 did
282 3553 423 3628 z'rnperzule
436 3553 548 3627 aliquid
559 3554 604 3609 ius
617 3553 723 3612 habere.
766 3553 836 3613 Non
859 3555 937 3613 enim
959 3554 1082 3614 intendit
1101 3555 1155 3614 iste
1170 3565 1289 3614 sanctus

70 3618 144 3761 {iidie
145 3616 229 3724 llil?
236 3613 274 3655 the
284 3677 391 3736 negare
412 3659 483 3735 quin
507 3659 587 3717 bona
608 3659 728 3720 ecclesie
748 3661 900 3720 subiacent
919 3661 997 3737 regie
1015 3662 1157 3737 potestati,
1175 3662 1228 3721 sed
1249 3662 1288 3722 ad
1296 3671 1381 3728 39

83 3718 152 3760 burch
158 3730 214 3758 were
223 3729 246 3756 rn

70 3768 276 3862 ffiffinffiwerae
285 3764 503 3829 rectificandum
517 3784 619 3825 eorum
633 3785 718 3825 usum
733 3786 794 3826 non
809 3769 848 3827 ad
862 3767 1103 3837 deteriorandum,
1116 3768 1193 3828 sicut
1206 3770 1290 3845 ponit

73 3868 261 3972 ffilffigttffit
287 3871 456 3949 exemplum
479 3870 515 3930 de
529 3873 612 3932 vinea
627 3873 747 3934 Naboth
768 3895 857 3952 quam
876 3894 940 3935 non
962 3875 1040 3934 licuit
1054 3875 1117 3951 regi
1135 3876 1290 3935 transferre

73 3970 208 4064 g'gffiggtss}
215 3969 277 4061 5314
286 3981 317 4038 in
331 3988 429 4038 ortum
443 3978 563 4052 olerum,
579 3991 612 4038 ut
627 3999 714 4058 supra
728 3984 861 4059 exposui.
894 3984 932 4042 Et
947 3984 988 4042 sic
1004 3983 1072 4042 dicit
1086 3983 1160 4043 iste⁴
1172 3992 1290 4042 sanctus

287 4086 367 4166 quod
381 4086 481 4145 omnia
496 4104 548 4146 sua
562 4090 734 4165 temporalia
748 4091 814 4150 licet
829 4091 1000 4167 Imperatori
1015 4091 1147 4168 accipere
1163 4091 1217 4150 sed
1229 4109 1290 4149 non

320 4217 329 4246 ¹
346 4234 412 4268 nono
428 4224 478 4281 pro
495 4217 551 4281 Quo
568 4218 626 4279 iure,
646 4231 669 4270 B.
763 4220 773 4248 ²
790 4221 907 4284 Mortem,
925 4235 951 4277 Α,
969 4234 992 4270 Β.
1087 4221 1097 4251 ³
1115 4221 1246 4283 subicient,
1264 4234 1289 4271 Α.

287 4298 296 4326 ⁴
314 4298 369 4358 iste,
380 4314 426 4348 om.
437 4311 464 4350 Α.
