2932 5046
547 423 599 472 DE
622 422 769 473 OFFICIO
793 421 910 473 REGIS.

226 592 389 671 superiores
403 591 432 650 in
448 591 657 651 conventiculis
671 590 837 650 huiusmodi
851 608 905 667 pro
919 588 989 666 ipsis
1000 588 1133 649 fovendis
1143 607 1228 648 man-

227 701 325 759 dando
351 699 494 758 mandent
516 708 620 757 contra
642 698 727 757 istam
754 697 842 757 Cristi
866 696 1056 769 sentenciam,
1078 714 1137 773 qua
1160 715 1227 774 pur·

226 817 343 882 geretur
363 815 457 864 mater
478 815 587 876 nostra,
607 804 652 864 vel
673 804 808 863 invehere
829 805 874 862 vel
895 815 999 863 tacere.
1043 803 1101 862 Sed
1122 800 1229 862 nimis1

226 913 383 990 irreligiose
400 913 520 972 summis
539 912 736 972 sacerdotibus
756 911 847 970 simile
862 911 1088 988 precipientibus
1106 930 1228 987 respon·

203 1021 329 1086 5derunt
356 1020 482 1096 apostoli
510 1020 591 1097 quod
618 1019 736 1079 obedire
766 1015 845 1078 de0¹
872 1028 988 1094 oportet
1015 1018 1108 1094 magis
1137 1036 1227 1095 quam

59 1131 128 1180 Acts
139 1146 164 1179 v.
228 1128 405 1198 hominibus
429 1137 459 1186 ut
479 1136 559 1203 patet
576 1126 642 1186 Act.
666 1146 692 1186 v.
733 1125 812 1185 Ymo
833 1125 857 1185 si
877 1126 960 1185 iurati
981 1136 1048 1184 sunt
1069 1127 1229 1203 specialiter

229 1252 350 1293 romane
381 1234 512 1307 ecclesie,
540 1243 676 1292 tenentur
709 1234 812 1292 virtute
844 1233 999 1292 iuramenti
1030 1233 1142 1310 prestiti
1175 1234 1230 1292 sibi

229 1341 389 1418 specialiter
405 1341 452 1399 hic
471 1351 580 1418 optare,
595 1351 623 1399 et
642 1342 787 1418 principes
807 1340 917 1400 debent
934 1342 1007 1400 scire
1026 1341 1107 1417 quod
1125 1340 1230 1399 mora³

228 1449 258 1506 in
272 1450 328 1508 isto
342 1448 420 1508 facto
434 1448 544 1506 nedum
559 1449 706 1524 perturbat
721 1466 811 1525 regna
827 1458 855 1506 et
870 1448 1032 1525 specialiter
1046 1449 1126 1525 ipsos
1140 1447 1231 1507 inlicit

190 1574 266 1618 roex
282 1573 435 1628 consensu,
450 1554 502 1613 sed
523 1555 722 1632 progenitores
736 1573 839 1614 eorum
855 1555 966 1615 radices
982 1573 1114 1614 errorum
1128 1564 1230 1632 gravat

230 1663 357 1740 amplius
372 1681 431 1740 quo
446 1680 527 1721 error
540 1661 594 1720 iste
610 1663 784 1739 processerit
797 1661 985 1721 incorrectus.

558 2059 802 2121 CAPITULUM
825 2063 903 2122 IXm.

274 2207 429 2268 Unrnmus
450 2228 504 2285 pro
525 2210 740 2287 complemento
762 2211 841 2270 finali
862 2222 1018 2289 supersunt
1033 2211 1080 2271 alii
1093 2223 1233 2290 quattuor
1240 2227 1401 2292 mengemain

234 2319 364 2377 obiectus
391 2319 421 2376 in
449 2319 568 2378 materia
595 2318 632 2377 de
657 2320 737 2396 regia
764 2330 906 2397 potestate
933 2320 1023 2380 lacius
1046 2281 1431 2424 ρηεῐίεειηᾰί.ΞιῖιὶοὲΞιέῗὲΕΞΞῖῗὲιε

193 2445 224 2497 15
234 2425 341 2496 Primo,
356 2426 483 2503 inquam,
499 2427 629 2503 arguitur
649 2436 749 2486 contra
762 2426 820 2487 hoc
834 2428 914 2505 quod
929 2445 998 2505 sepe
1013 2428 1116 2488 dicitur
1130 2447 1232 2506 quem-
1241 2434 1403 2485 kinslvrover·

1243 2524 1260 2550 1.
1277 2509 1323 2550 Itis
1333 2505 1403 2549 main·

233 2531 301 2591 libet
315 2532 422 2609 legium
436 2534 513 2610 regis
534 2534 639 2593 debere
656 2553 719 2593 esse
740 2534 865 2593 iuratum
881 2536 942 2612 regi
957 2546 986 2594 et
1000 2555 1099 2613 regno.
1141 2535 1232 2595 Vide·
1242 2559 1368 2601 carnerunt

332 2640 337 2652 .
460 2641 466 2653 .
539 2641 544 2653 .
972 2644 977 2655 .
1031 2645 1036 2656 .
1242 2610 1370 2650 whereasm
1395 2607 1444 2649 doc·

233 2648 279 2697 tur
291 2658 370 2698 emm
385 2641 487 2718 sequ1⁴
501 2659 597 2717 primo
612 2641 691 2718 quod
711 2661 789 2718 papa
810 2660 877 2700 cum
898 2644 1103 2717 cardinahbus‚
1122 2643 1231 2716 fratres,
1242 2660 1362 2721 tnnevoui
1386 2658 1439 2750 ond

62 2753 144 2800 451).
233 2757 262 2806 et
282 2747 329 2806 alii
351 2748 596 2825 exproprietarie⁶
610 2749 746 2821 viventes
761 2748 898 2809 debent*
915 2769 978 2809 esse
999 2751 1084 2809 iurati
1106 2710 1445 2828 regibusiifiiiiffeissssnto

1240 2825 1308 2853 swenr
1316 2811 1432 2853 obediende

232 2854 342 2914 Ymmo
353 2874 369 2913 e
380 2866 484 2915 contra
498 2874 564 2914 cum
578 2874 656 2933 papa
670 2856 757 2915 habet
770 2859 848 2934 leges
861 2858 968 2935 quibus
983 2868 1099 2936 oportet
1113 2876 1233 2917 omnem
1241 2861 1432 2965 ffifflfffi.

192 2983 224 3018 πο
233 2961 381 3020 subditum
395 2963 524 3036 obedire,
538 2963 649 3022 videtur
663 2963 744 3040 quod
757 2965 877 3041 quilibet
891 2966 965 3024 alius
979 2966 1132 3024 cristianus
1146 2965 1234 3026 debet
1241 2964 1359 3056 mgwaffi
1363 2962 1424 3055 {³3⁵¹

232 3087 297 3128 esse
319 3069 413 3146 legius
430 3068 520 3130 homo
543 3089 621 3143 suus,
638 3071 707 3148 quia
730 3071 822 3147 legius
845 3073 929 3149 quasi
953 3073 1012 3149 legi
1034 3073 1174 3146 subditus,
1189 3028 1437 3158 velffiflfflffi

233 3174 325 3252 legius
353 3179 436 3253 quasi
465 3177 585 3254 legifero
613 3179 726 3256 ligatus.
770 3179 818 3239 Sic
846 3181 924 3239 enim
951 3181 1035 3239 iurati
1063 3191 1132 3240 sunt
1158 3174 1306 3259 pape¹¹²¹¹⁵

67 3275 416 3360 1¹0L164b·Im’¹perator
429 3294 458 3344 et
471 3287 610 3362 episcopi,
625 3295 658 3344 ut
671 3296 750 3365 patet
763 3286 824 3345 lxiii
838 3287 876 3345 di.
919 3292 926 3319 ‘
940 3288 1010 3346 Tibi
1019 3285 1144 3360 dommo}
1158 3297 1187 3347 et
1203 3299 1236 3346 2⁰

67 3353 196 3466 ssffi'n,
233 3389 383 3450 decretum
404 3391 450 3450 De
473 3391 533 3451 iure
552 3392 694 3452 iurando⁶
710 3403 761 3453 ea0
779 3393 845 3470 Ego
865 3393 905 3452 N
920 3397 1067 3470 pricopun
1109 3395 1156 3454 Ex
1176 3414 1235 3474 quo

70 3481 190 3612 &¹¹¹¹
233 3497 343 3557 videtur
362 3498 443 3576 quod
464 3499 494 3556 in
514 3500 586 3576 ipsis
600 3500 748 3559 iurentur¹
762 3518 865 3560 omnes
885 3519 988 3560 eorum
1010 3502 1117 3560 subditi
1134 3512 1163 3561 et
1183 3522 1236 3579 per

70 3628 125 3678 Lib.
137 3571 169 3678 ἓξ
233 3623 419 3684 consequens
434 3606 539 3684 singuli
553 3607 601 3665 alii
615 3608 752 3667 cristiani.
795 3608 854 3668 Hic
868 3609 1039 3668 conceditur
1052 3622 1235 3686 assumptum

72 3693 125 3824 ’ἕῖ
133 3694 199 3744 ¹¹¹¹·
234 3722 376 3790 tanquam
400 3714 549 3790 pertinens
573 3714 748 3792 principium
773 3716 812 3774 ad
839 3717 923 3792 regni
947 3717 1183 3792 stabilimentum,
1206 3729 1236 3778 et

234 3820 276 3878 sic
298 3839 374 3896 papa
398 3839 465 3879 cum
488 3820 590 3880 dieitur
614 3840 677 3881 esse
702 3823 830 3881 maxime
853 3821 946 3899 legius
970 3839 1073 3900 regum
1097 3833 1180 3896 terre,
1203 3835 1236 3884 ut

10 3966 13 4135 ι
234 3937 313 4004 patet
327 3948 364 3988 ex
379 3929 471 4002 dictis,
483 3929 571 3988 debet
585 3947 648 3988 esse
664 3929 790 3988 maxime
804 3930 919 3989 iuratus·
927 3930 1052 4008 regibus.
1096 3931 1142 3991 Sic
1156 3933 1235 3991 enim

192 4059 226 4108 30
235 4035 316 4109 deus,
340 4036 412 4095 sieut
435 4036 488 4096 fuit
510 4036 664 4113 obligatae,
684 4037 725 4096 sic
748 4047 776 4095 et
797 4038 905 4096 iuratus
928 4048 972 4096 est
985 4038 1113 4098 Abrahe.
1156 4039 1235 4100 Nam

269 4192 277 4220 ¹
294 4193 376 4244 minus
387 4199 437 4257 pro
451 4193 533 4256 nimis,
548 4206 572 4244 B.
660 4192 670 4221 ¹
686 4201 783 4258 oportet
800 4196 855 4256 deo,
867 4195 919 4244 ord.
932 4197 985 4246 inv.
998 4207 1022 4245 Β.
1114 4195 1124 4224 ³
1140 4214 1236 4248 moram

232 4277 282 4335 pro
292 4287 372 4333 mora,
384 4282 411 4320 Α.
504 4271 515 4301 ⁴
530 4274 612 4338 primo
625 4274 699 4338 sequi,
718 4273 769 4322 orci.
782 4274 836 4323 inv.
854 4285 878 4323 Β.
981 4275 991 4304 ¹
1007 4282 1032 4324 et
1043 4283 1101 4325 ante
1112 4293 1167 4342 exp.
1179 4277 1235 4327 add.

236 4361 264 4412 Α,
276 4363 301 4400 Β.
365 4352 376 4381 ¹
389 4349 528 4413 juramento
534 4358 583 4417 pro
590 4349 645 4415 jure
652 4351 764 4416 jurando,
776 4364 800 4402 Β.
869 4351 879 4379 ¹
893 4351 974 4416 jurent
986 4360 1035 4419 pro
1045 4354 1164 4418 jurentur,
1176 4366 1202 4406 Α.
