2932 5046
566 421 616 473 DE
638 421 784 473 OFFiCIO
808 421 926 473 REGIS.

250 578 369 640 dilectus
382 581 472 658 patris
485 582 648 658 unigenitus
662 580 824 640 secundum
838 579 1022 648 divinitatem,
1032 585 1064 636 ut
1075 576 1143 635 dicit
1157 575 1246 652 prima

249 703 317 762 pars
344 687 530 760 auctoritatis,
554 687 666 746 habens
700 685 910 763 plenitudinem
940 683 1063 760 Spiritus
1091 681 1183 741 sancti
1211 681 1249 740 de

249 791 331 851 cuius
344 792 523 870 plenitudine
536 802 651 870 oportet
668 809 723 852 nos
744 793 874 869 accipere
888 792 912 850 si
927 788 1120 849 salvaremur²
1131 805 1249 847 2-cum

80 905 346 957 potissumum
360 898 396 958 sit
410 907 471 958 tam
486 896 500 929 *
517 899 593 959 mitis
611 908 640 958 et
658 897 774 957 humilis
795 897 877 975 quod
897 914 953 956 nec
975 895 1063 956 seculi
1082 894 1249 972 potentibus

224 1001 322 1084 5fuit'
341 1004 473 1065 dominio
494 1023 549 1065 suo
569 1004 728 1065 contrarius
749 1004 793 1063 vel
813 1021 957 1064 onerosus
984 1021 1039 1062 nec
1067 1000 1248 1079 simplicibus

246 1109 365 1186 rigidus,
389 1129 445 1171 nec
472 1110 510 1170 de
537 1111 596 1170 suis
625 1110 734 1169 iniuriis
761 1109 872 1169 tediose
899 1125 1092 1186 conquerens,
1120 1118 1152 1165 ut
1180 1106 1248 1166 dicit

249 1225 358 1293 asspars
366 1216 766 1293 auctoritatis:-potentatus
776 1224 874 1275 autem
884 1215 973 1275 seculi
984 1224 1050 1274 sunt
1059 1213 1172 1273 amndo
1181 1231 1247 1290 que,

247 1321 316 1400 quia
342 1321 404 1382 luto
430 1321 632 1398 temporalium
659 1321 794 1397 infigitur,
820 1321 887 1381 ideo
915 1321 946 1380 in
973 1321 1133 1381 affeccione
1162 1331 1249 1378 vento

247 1426 361 1487 fortune
381 1436 521 1505 tanquam
548 1427 586 1487 ad
613 1428 688 1487 intra
709 1445 800 1487 vacua
822 1438 1044 1501 conmoventur,
1067 1428 1147 1487 iuxta
1177 1425 1249 1485 illud

79 1537 156 1589 Mate
168 1537 202 1588 xi.
216 1547 238 1604 7.
247 1531 351 1592 Matth.
362 1533 392 1592 xi
405 1550 465 1610 quo
480 1532 583 1593 dicitur
596 1534 679 1612 quod
692 1532 826 1610 discipuli
840 1533 967 1593 videndo
982 1530 1172 1610 Baptistam*
1186 1552 1247 1593 non

80 1606 116 1657 ⁵⁷
129 1618 155 1657 ⁸⁹
246 1639 378 1699 exierunt
394 1640 487 1698 atilae
500 1641 668 1699 arundtlrem
683 1646 761 1699 vento
780 1641 938 1717 agellulum,
953 1640 1022 1718 quia
1036 1640 1143 1699 infixus
1158 1639 1246 1716 lapidi

247 1745 344 1805 Cristo
357 1753 388 1804 ut
402 1744 495 1805 stabili
514 1744 707 1806 fundamento
727 1745 898 1823 temporalia
915 1745 1096 1824 parvipendit
1107 1744 1248 1804 :—linum

246 1860 345 1912 autem
368 1851 552 1929 parvulorum
575 1862 691 1912 ortense
713 1853 853 1914 laboricio
877 1871 1052 1914 concussum
1076 1853 1128 1912 suit
1152 1852 1248 1912 Cristo

246 1975 356 2030 carum,
375 1975 444 2018 cum
460 1975 569 2036 sponsa
587 1959 729 2036 quesivit³
747 1962 845 2019 lanam
866 1965 892 2019 et
907 1961 997 2019 linum
1012 1969 1044 2018 ut
1057 1959 1162 2019 dicitur
1177 1959 1247 2019 Pro·

80 2070 232 2122 Promxxi
246 2064 410 2124 verbiorum
432 2073 496 2140 31⁰,
517 2075 547 2124 et
566 2066 630 2142 ipse
652 2066 805 2145 increpans
837 2067 988 2143 apostolos
1010 2067 1132 2143 precipit
1153 2067 1247 2126 sinere

80 2151 219 2254 ἧψά
239 2169 486 2248 parvulosvcnt're
499 2170 537 2230 ad
551 2171 655 2248 ipsum,
677 2171 756 2230 unde
779 2172 929 2231 venientes
951 2171 1043 2231 suerat
1065 2172 1247 2250 amplexatus

80 2281 188 2383 {dicke
198 2331 229 2384 ¹⁶
246 2285 277 2337 ut
294 2275 397 2337 dicitur
410 2274 503 2336 Marc.
521 2286 610 2351 10‚et
629 2278 669 2337 sic
686 2295 748 2337 non
768 2288 812 2338 est
828 2277 941 2338 arundo
960 2278 1095 2339 habitans
1109 2280 1140 2337 in
1155 2278 1246 2340 sundo

230 2369 362 2444 'lutoso‘
375 2394 404 2444 et
424 2382 537 2443 lubrico
558 2383 610 2443 sed
631 2383 662 2443 in
682 2383 765 2462 aquis
786 2384 870 2444 claris
891 2385 1073 2444 currentibus
1094 2385 1124 2442 in
1148 2384 1245 2462 lapide

80 2495 118 2546 x.
246 2506 362 2567 semper
374 2488 444 2551 vivis
451 2488 567 2550 :-ideo
586 2499 688 2567 gentes
708 2490 868 2568 specialiter
886 2491 1010 2567 figerent
1024 2491 1129 2570 spem⁶
1143 2493 1174 2549 in
1188 2490 1245 2551 illo.

206 2594 305 2656 neSed
324 2615 386 2657 non
406 2606 450 2657 est
471 2613 538 2673 spes
559 2597 644 2656 nobis
660 2607 692 2656 ut
711 2614 779 2673 pars
795 2597 826 2656 in
845 2596 904 2656 filio
918 2594 997 2666 Ysai,
1014 2597 1069 2658 nisi
1091 2615 1246 2676 sequamur

76 2726 138 2794 Joh.
150 2727 200 2779 xiv.
209 2724 234 2778 5,
244 2701 307 2762 eius
327 2701 456 2780 vestigia,
470 2703 539 2782 quia
559 2713 591 2762 ut
612 2703 680 2762 dicit
702 2702 765 2763 Ioh.
784 2721 829 2775 14.
871 2702 937 2781 Ipse
958 2713 1002 2762 est
1015 2703 1061 2762 via
1081 2722 1134 2780 per
1154 2722 1244 2782 quam
1255 2718 1436 2771 HelstheWay‚

243 2807 338 2868 solum
366 2809 478 2868 venitur
503 2808 542 2868 ad
569 2808 700 2887 patriam.
741 2809 832 2886 Ipse⁶
859 2819 903 2868 est
928 2809 1050 2868 veritasl
1077 2828 1130 2887 per
1154 2828 1243 2887 quarn
1253 2769 1290 2862 {¹1}ss
1299 2770 1375 2863 {spu
1390 2771 1433 2813 Μ

244 2914 337 2975 solam
356 2914 476 2976 devians
494 2914 641 2975 reducitur
658 2915 696 2975 ad
714 2915 799 2988 viam,
814 2925 843 2975 et
859 2915 922 2992 ipse
938 2925 983 2976 est
1005 2915 1062 2975 vita
1082 2935 1135 2993 per
1154 2934 1243 2994 quarn

245 3020 339 3082 solum
361 3021 508 3099 attingens
524 3021 680 3082 terminum
694 3022 739 3081 vie
758 3021 883 3099 pascitur
900 3022 1059 3082 vivificatur
1075 3032 1104 3083 et
1123 3023 1247 3082 finaliter

205 3126 407 3204 25premiatur.
448 3125 537 3187 Unde
557 3138 672 3204 oportet
692 3145 812 3187 omnem
833 3127 1004 3188 salvandum
1024 3130 1107 3207 sequi
1127 3130 1244 3207 propin·
1254 3135 1297 3177 But
1306 3135 1344 3178 the
1352 3135 1424 3178 horses

1254 3187 1301 3228 that
1310 3200 1367 3228 seem
1376 3195 1432 3230 most

244 3233 330 3312 quius
352 3231 398 3293 vel
416 3232 574 3294 distancius
595 3233 675 3293 illum
695 3233 808 3306 ducem,
824 3234 877 3294 sed
893 3235 923 3292 in
941 3253 1028 3295 curru
1050 3234 1162 3295 domini
1176 3236 1244 3313 equi
1253 3236 1432 3329 illildl'lm

244 3340 294 3418 qui
314 3338 447 3399 videntur
466 3339 610 3418 potissimi
631 3340 825 3401 retrocedunt.
876 3339 988 3400 Cristus
1013 3341 1091 3400 enim
1112 3351 1141 3401 et
1164 3341 1245 3417 leges
1253 3350 1289 3379 are
1296 3337 1390 3390 libbissss·

243 3445 364 3507 ecclesie
390 3446 548 3507 limitarunt
571 3447 676 3507 curatis
698 3446 844 3524 spirituale
866 3446 993 3506 officium
1022 3446 1052 3505 in
1077 3465 1137 3525 quo
1158 3448 1244 3525 plene

243 3551 388 3611 traherent
402 3562 544 3630 quantum
562 3553 717 3614 sufficiunt.
759 3551 819 3612 Sed
839 3551 1005 3613 deserentes
1018 3552 1095 3613 hanc
1110 3555 1243 3613 semitam

203 3680 235 3731 30
244 3658 366 3735 aurigati
377 3657 446 3735 iugo
457 3659 545 3719 seculi
554 3660 764 3719 necessitantur
772 3678 809 3718 ex
819 3658 973 3719 dotacione
982 3677 1098 3719 movere
1112 3660 1244 3737 aurigam

246 3781 402 3824 cesaream.
444 3763 483 3823 Et
492 3765 547 3825 ista
557 3764 726 3837 declinacio,
737 3775 769 3825 ut
778 3765 934 3825 dictumest
948 3765 978 3823 in
989 3764 1138 3825 solucione
1150 3766 1243 3842 quarti
1252 3792 1371 3844 neptum
1380 3794 1435 3837 stom

243 3870 416 3947 argumenti,
430 3872 579 3948 perturbat
598 3870 758 3944 ecclesiam,
773 3871 840 3949 quia
853 3889 973 3931 necesse
986 3879 1030 3930 est
1043 3870 1123 3948 quod
1138 3872 1243 3932 exinde
1252 3844 1390 3936 ddrl'sissrssd
1399 3904 1422 3937 to

242 3986 421 4053 postponant
441 3977 536 4053 legem
554 3977 664 4037 domini
684 3988 713 4037 et
731 3988 910 4055 occupentur
928 3979 958 4036 in
978 3977 1098 4037 servicio
1121 3977 1242 4036 Faronis
1251 3958 1310 3987 serve
1320 3946 1426 3990 Pham·

275 4145 282 4175 ¹
303 4145 429 4198 salvemur
440 4155 489 4213 pro
500 4146 659 4209 salvaremur,
673 4161 696 4199 Β.
785 4149 794 4178 ²
811 4149 842 4200 sit
853 4156 903 4213 pro
919 4148 973 4211 suit,
985 4160 1012 4198 Α.
1100 4149 1108 4178 ³
1127 4154 1183 4199 sunt
1194 4157 1243 4214 pro

241 4223 307 4286 sivit,
319 4236 345 4276 n.
412 4224 533 4276 *lutuoso
544 4234 595 4291 pro
606 4227 696 4287 lutoso,
709 4239 735 4276 Α.
794 4225 922 4290 ⁵speciem
935 4233 984 4290 pro
996 4241 1073 4291 spem,
1085 4237 1111 4277 A.
1169 4225 1242 4291 ‘ipse

242 4309 281 4352 est
290 4303 331 4351 via
345 4339 350 4354 .
365 4340 370 4354 .
384 4340 389 4354 .
403 4303 517 4367 patriam,
530 4319 577 4354 ont.
591 4315 616 4353 n.
694 4301 703 4330 ⁷
721 4305 760 4354 via
772 4311 821 4368 pro
832 4304 928 4366 veritas,
943 4315 969 4352 n.
