2828 5048
599 385 648 435 DE
671 384 820 437 OFFICIO
843 384 965 437 REGIS.

285 539 372 600 debet
388 540 469 618 quod
490 539 562 600 deus
584 559 644 602 non
666 551 762 618 potest
782 542 842 602 suis
862 541 996 614 deficere,
1018 541 1073 601 sed
1095 541 1212 602 iusticia
1234 560 1289 603 sua

284 646 402 724 requirit
423 645 504 724 quod
525 647 650 724 populus
667 647 761 707 taliter
784 648 942 719 occidatur,
956 645 1069 706 videtur
1091 647 1176 726 quod
1195 648 1293 709 iustus

285 753 316 810 in
343 752 490 811 voluntate
517 752 663 812 deiformis
691 754 778 813 debet
805 754 843 814 de
870 752 1049 813 execucione
1075 752 1190 814 iusticie
1219 772 1293 814 con·

285 858 413 935 gaudere
435 857 562 919 dolendo
585 858 621 917 de
646 877 744 918 causa
785 858 876 918 Unde
897 858 1009 918 videtur
1029 858 1111 936 quod
1132 870 1294 936 peccatum

286 965 411 1025 reddens
436 964 598 1025 Cristianos
619 965 760 1026 inhabiles
787 966 824 1025 sit
847 983 937 1025 causa
959 982 1051 1042 quare
1074 965 1142 1026 licet
1167 967 1320 1034 secularis

285 1071 417 1130 hostibus
430 1068 587 1131 violenter¹
600 1071 744 1130 resistere.
787 1070 835 1131 Sic
856 1071 935 1130 enim
953 1080 1121 1148 repugnant
1140 1084 1294 1151 serpentes

286 1187 315 1237 et
329 1177 420 1237 bestie
435 1176 601 1236 naturaliter
613 1176 732 1255 quando
746 1195 764 1236 a
778 1177 929 1236 contrariis
943 1175 1130 1253 impetuntur,
1146 1177 1188 1238 ita
1209 1179 1294 1256 quod

287 1301 305 1342 a
332 1281 411 1342 malo
438 1281 551 1342 videtur
578 1282 659 1360 quod
686 1282 817 1343 officium
844 1282 951 1343 milicie
977 1283 1016 1343 sit
1049 1284 1235 1344 meritorium
1264 1293 1295 1345 et

287 1387 409 1448 salubre.
450 1388 490 1448 Et
508 1389 538 1447 in
560 1388 615 1448 ista
635 1388 766 1449 leccione
785 1387 898 1448 videtur
921 1388 1003 1467 quod
1026 1398 1145 1467 oportet
1168 1408 1293 1452 omnem

287 1493 459 1554 salvandum
492 1494 761 1571 quomodocunque
788 1495 920 1555 occisum
947 1494 994 1555 vel
1021 1505 1174 1556 mortuum
1201 1499 1293 1557 vitam
1305 1510 1337 1546 10

286 1602 373 1660 istam
389 1600 471 1661 finire
491 1600 619 1661 dicendo
633 1602 690 1662 deo
704 1600 796 1659 ‘Fias
814 1601 944 1660 voluntas
962 1608 1013 1660 tua
1033 1612 1062 1663 et
1083 1601 1200 1664 dimitte
1220 1602 1409 1663 mihiMatt.vi

287 1717 408 1784 peccata
429 1724 495 1766 mea
518 1705 600 1766 sicud
617 1718 645 1767 et
667 1725 725 1784 ego
747 1706 860 1768 dimitto
882 1707 1057 1784 generaliter
1074 1708 1184 1788 eisqui
1198 1710 1229 1769 in
1244 1729 1294 1771 me
1305 1683 1343 1719 ω’

287 1810 494 1890 peccaverant!
537 1814 679 1874 Securum
699 1830 770 1891 ergo
792 1813 867 1874 foret
887 1813 1005 1874 fidelem
1026 1814 1190 1876 leccionem
1206 1817 1294 1877 istam

288 1937 357 1996 sepe
379 1929 507 1996 repetere
535 1937 625 1997 quam
646 1929 763 1997 oportet
790 1919 828 1981 de
858 1925 1030 1981 necessitate
1059 1920 1160 1982 salutis
1189 1941 1293 2000 quem-

79 2038 123 2079 nut
132 2035 174 2079 urs
184 2036 279 2079 doctrine
287 2023 356 2084 libet
369 2024 595 2102 predestinatum
607 2027 639 2085 in
652 2026 711 2085 fine
730 2043 919 2102 cognoscere.
960 2025 999 2085 Et
1013 2027 1067 2087 ista
1081 2026 1224 2102 doctrina,
1239 2049 1293 2108 per
1305 2052 1334 2104 15

76 2088 242 2188 ῧῖἷεῗῖἶῗξῖ
287 2149 377 2209 quam
399 2142 523 2192 mortem
545 2132 675 2209 corporis
693 2149 747 2209 pro
769 2132 873 2192 timore
894 2132 996 2192 mortis
1017 2132 1115 2194 anime
1137 2146 1293 2214 contemp-

79 2189 236 2282 mm
288 2246 388 2297 serunt
422 2238 555 2315 apostoli,
583 2237 691 2298 abolita
724 2246 769 2297 est
796 2244 826 2296 et
858 2237 1020 2314 specialiter
1047 2256 1066 2299 a
1092 2239 1204 2301 clericis
1239 2261 1294 2320 per

287 2345 451 2421 principem
464 2344 548 2403 huius
567 2343 677 2404 mundi.
719 2341 799 2403 Nam
813 2342 851 2403 ad
865 2342 1032 2403 bellandum
1052 2344 1162 2405 audent
1183 2365 1293 2410 consu·

288 2450 354 2523 lere,
380 2450 433 2510 sed
460 2450 608 2509 veritatem
637 2448 710 2526 legis
734 2448 781 2509 dei
805 2446 886 2521 sui,*
909 2449 1005 2509 eciam
1039 2450 1127 2511 nullis
1160 2452 1293 2514 minimis
1301 2468 1369 2516 soa

286 2557 483 2626 iminentibus‚
501 2573 562 2615 non
578 2556 674 2617 solum
696 2556 797 2616 volunt
818 2565 996 2633 postponere
1018 2555 1071 2615 sed
1093 2557 1232 2619 cordatos
1252 2559 1291 2620 ad
1302 2585 1334 2621 ιο

287 2663 445 2722 dicendum
469 2663 545 2722 hanc
566 2663 718 2722 veritatem
742 2661 938 2738 multipliciter
960 2662 1133 2740 inpugnare.
1175 2663 1215 2724 Et
1236 2664 1291 2725 hec
1299 2680 1331 2726 1³.

287 2769 406 2828 indubie
421 2779 465 2828 est
478 2787 568 2829 causa
582 2787 671 2846 quare
690 2779 805 2829 tantum
825 2766 944 2827 invaluit
964 2767 1012 2828 lex
1032 2767 1182 2830 humana¹
1195 2780 1225 2831 et
1238 2791 1292 2849 per

287 2893 471 2953 consequens
484 2884 638 2951 peccatum
651 2885 680 2934 et
693 2875 829 2935 vecordia
846 2875 876 2934 in
897 2893 987 2935 causa
1007 2873 1055 2934 dei
1072 2893 1130 2953 que
1150 2877 1191 2937 ad
1210 2877 1295 2938 illam·

288 2983 383 3058 legem
411 2983 608 3042 inevitabiliter
636 2991 841 3042 consecuntur.
894 2981 985 3055 Patet,
1013 2982 1143 3060 inquam,
1171 2985 1291 3044 racione

288 3087 446 3165 multiplici,
467 3088 618 3166 quomodo
642 3107 743 3148 sumus
765 3088 905 3148 vecordes
932 3088 963 3146 in
987 3106 1075 3148 causa
1104 3088 1161 3162 dei,
1183 3090 1236 3149 sed
1259 3091 1290 3150 in
1299 3106 1327 3158 ²5

289 3212 376 3253 causa
395 3195 605 3271 temporalium,
620 3206 648 3255 et
662 3214 713 3272 per
733 3212 917 3272 consequens
935 3195 967 3253 in
985 3213 1074 3255 causa
1094 3195 1205 3255 diaboli
1225 3197 1290 3257 licet
1380 3239 1382 3246 ι

81 3319 275 3370 Itavailsnothing
289 3301 412 3379 palliata,
431 3302 599 3382 iniquitate³
614 3302 722 3379 duplici
744 3318 845 3360 sumus
862 3301 1029 3360 mirabiliter
1047 3302 1181 3362 animosi.
1226 3302 1290 3363 Nec

79 3381 103 3414 to
112 3373 200 3423 pretend
210 3372 263 3418 that,

77 3421 271 3524 ss‘lssugssfflm
290 3409 365 3468 valet
378 3409 461 3469 fucus
475 3428 534 3486 quo
549 3409 666 3485 fingitur
680 3407 760 3484 quod
773 3426 828 3467 nos
842 3407 872 3465 in
886 3426 958 3484 pace
978 3407 1098 3467 ecclesie
1111 3425 1173 3467 non
1188 3427 1290 3468 sumus

89 3489 103 3516 0
136 3489 148 3515 e

80 3527 256 3572 andeonfessors,
289 3516 319 3574 in
341 3525 416 3576 statu
441 3525 501 3575 tam
516 3515 644 3593 perfecto
668 3524 699 3573 ut
723 3523 807 3572 erant
830 3513 970 3586 martires,
995 3531 1051 3572 nec
1071 3514 1112 3573 ita
1133 3516 1242 3575 maturi
1262 3525 1290 3576 et

79 3589 112 3617 we
119 3577 175 3616 walk
184 3574 280 3625 securely

79 3625 280 3729 ssssflssldtidefflsshat
288 3623 414 3682 animosi
431 3632 463 3682 ut
486 3631 685 3681 successerant
708 3618 900 3693 confessores,
921 3620 973 3680 sed
995 3619 1171 3680 sufficienter
1188 3639 1289 3682 secure
1297 3632 1327 3682 30

80 3727 263 3771 neronesaved.
289 3729 451 3788 incedimus
464 3730 495 3787 in
509 3728 611 3788 semita
625 3725 841 3787 salvandorum.
884 3723 998 3786 Revera
1019 3742 1074 3784 nos
1095 3725 1136 3786 sic
1158 3726 1289 3806 duplices

291 3837 414 3895 dicimus
428 3835 504 3895 Pax
518 3847 587 3910 pax
601 3841 627 3892 et
638 3853 692 3892 non
706 3840 747 3891 es!
759 3843 836 3908 pax,
853 3850 921 3891 cum
935 3832 964 3890 iu
981 3842 1014 3907 3⁰
1027 3832 1113 3908 signo
1127 3832 1288 3908 deficimus,
1297 3833 1371 3907 Jerri·
1380 3838 1405 3887 14

281 3951 322 4000 ut
343 3942 421 4018 magi
442 3940 609 4011 Pharaonis,
631 3949 660 3998 et
686 3937 755 3997 Non
778 3945 819 3998 est
836 3950 906 4014 pax
931 3940 1024 4014 rinpzi's
1047 3939 1118 3998 dicit
1138 3934 1390 4000 Domumnnut

290 4049 363 4108 Ideo
377 4049 465 4108 credo
479 4048 567 4106 latam
584 4046 692 4105 hodie⁴
706 4063 770 4104 esse
784 4045 861 4103 viam
882 4064 939 4123 que
960 4046 1040 4105 ducit
1060 4045 1099 4105 ad
1120 4045 1248 4107 inferum
1262 4058 1290 4108 et
1299 4027 1333 4062 '²'

323 4192 331 4220 ¹
348 4191 456 4242 violente
466 4199 516 4256 pro
526 4189 654 4250 violenter,
665 4201 689 4237 u.
765 4185 775 4214 ²
791 4188 916 4237 mundana
927 4196 976 4253 pro
986 4187 1101 4249 huruuua,
1114 4200 1138 4238 u.
1215 4190 1225 4219 ⁸
1243 4190 1290 4241 ini-

290 4268 397 4333 quietate
408 4277 457 4334 pro
467 4268 605 4333 iniquitate,
616 4281 643 4318 Α.
709 4265 718 4294 ⁴
734 4265 812 4316 latam
824 4266 908 4328 hodie,
919 4266 972 4317 ord.
984 4267 1038 4317 inv.
1051 4277 1075 4315 n.
