2828 5048
580 424 629 472 DE
653 424 698 473 OF
702 423 799 473 FICIO
823 423 940 473 REGIS.

259 592 360 642 accuta
374 582 497 640 vindicta
511 582 706 657 consequitur,
719 582 801 639 euius
815 599 903 639 causa
914 579 1058 638 videntur¹
1073 580 1114 638 hii
1128 582 1179 657 qui
1194 598 1263 640 cum

259 689 358 766 gladio
373 687 511 765 spirituali
531 687 596 764 plus
613 688 777 746 inordinate
793 686 899 745 feriunt
916 704 984 745 cum
998 705 1062 745 sese
1077 697 1105 745 et
1119 688 1262 765 populum

50 798 91 839 vet
100 798 161 840 when
175 799 213 840 the
259 796 446 871 undiquaque
482 793 621 852 inficiunt.
662 792 749 851 Unde
782 794 902 870 quando
931 793 1080 870 sophisma
1108 795 1263 870 spiritualis

49 858 147 900 pretence
156 850 181 890 ot'
187 849 224 890 the

48 899 224 1008 {giffffijggfd
258 901 345 978 gladii
360 911 528 977 perceptum
548 918 609 960 non
630 900 756 975 prevalet
772 900 810 958 ad
830 901 942 958 lucrum
963 900 1008 957 vel
1027 900 1172 959 honorem
1188 912 1262 960 tem-

48 999 224 1101 {iffssissigtygssiil
258 1007 390 1084 poralem
410 1006 600 1083 querendum,
617 1003 631 1035 *
649 1007 686 1064 ad
704 1007 784 1084 quod
805 1008 899 1083 magis
922 1007 1072 1082 signanter
1091 1008 1260 1084 respiciunt,
1271 1019 1398 1070 Fotllta

48 1101 237 1201 fflffissffss
259 1114 448 1191 sophisticant
475 1113 555 1190 quod
584 1131 693 1188 gwerre
722 1123 787 1171 sunt
814 1114 856 1172 eis
885 1113 969 1185 licite,
999 1133 1060 1173 non
1088 1115 1261 1174 recollentes

47 1200 113 1244 ‘hm'
259 1219 410 1297 quomodo
438 1218 502 1278 Ioh.
527 1216 632 1277 xviii⁰².
654 1218 768 1277 Veritas
790 1219 859 1277 dicit
888 1219 994 1278 Petro:
1017 1219 1103 1278 Mitte
1126 1222 1260 1296 gladium
1269 1247 1323 1309 Joh.
1334 1246 1388 1296 xviii

259 1333 336 1383 tuum
362 1328 392 1382 in
416 1327 574 1399 nagream
606 1327 673 1400 quia
699 1327 786 1383 omnr's
810 1328 862 1400 qui
880 1327 1011 1400 gladium
1036 1328 1139 1400 acepit
1161 1325 1307 1402 gladz'oss·

252 1432 365 1507 peribit,
380 1441 412 1490 ut
430 1431 534 1490 dicitur
549 1430 651 1489 Matth.
670 1435 715 1502 26,
732 1432 812 1507 quod
831 1433 986 1507 exponitur
1000 1433 1087 1490 xxiiii.
1100 1451 1127 1509 q.
1142 1433 1199 1491 viii.
1213 1432 1260 1491 De
1270 1442 1339 1491 Matt.
1351 1440 1399 1489 nu

258 1519 422 1615 episeopis:
458 1536 564 1608 Omm's,
587 1537 686 1614 inquit,
709 1539 761 1613 qui
773 1545 870 1611 preter
896 1540 976 1596 illum
1001 1541 1046 1596 nel
1067 1522 1308 1597 auctoretatem⁵²'

259 1648 316 1703 ee'ur
329 1647 380 1720 qui
390 1646 514 1720 legitima
525 1650 654 1719 potestate
667 1646 756 1701 utt'tur
765 1646 895 1719 gladium
913 1646 1015 1720 accipet
1016 1645 1150 1722 serrendo
1158 1647 1259 1720 gladio

258 1753 352 1810 driu'm'
370 1753 470 1809 ziedt'cte'
481 1751 591 1827 peribit.
634 1750 721 1808 Unde
744 1751 812 1826 quia
833 1768 894 1808 non
915 1761 1039 1826 possunt
1059 1769 1089 1810 se
1108 1753 1259 1810 continere

258 1877 275 1916 a
295 1858 420 1915 vindicta
439 1875 494 1933 pro
517 1857 562 1915 siti
583 1856 795 1932 temporalium,
808 1874 862 1916 nec
882 1858 1016 1933 superbia
1034 1858 1101 1916 sinit
1118 1876 1170 1916 eos
1186 1858 1259 1917 velle

257 1965 347 2022 subici
359 1964 476 2022 brachio
481 1963 607 2033 seculari,
614 1963 680 2021 ideo
690 1973 828 2021 corruunt
839 1965 933 2038 magis
938 1963 1116 2040 profundein
1121 1963 1257 2036 heresim,

256 2071 384 2130 dicentes
397 2069 476 2147 quod
494 2070 547 2147 ipsi
562 2079 627 2128 sunt
641 2087 717 2144 quos
731 2069 883 2146 apostolus
893 2066 905 2102 ³
917 2070 987 2128 dicit
1001 2081 1114 2147 portare
1128 2071 1260 2146 gladium
1272 2095 1301 2144 15

256 2178 324 2254 quia
333 2177 415 2235 aliter
429 2164 489 2234 non
501 2175 599 2234 liceret
612 2193 664 2233 eos
683 2194 814 2251 pugnare
832 2177 894 2234 sine
905 2177 1074 2234 auctoritate
1084 2175 1220 2248 Cesarea,
1232 2187 1261 2236 et

257 2284 297 2341 sic
316 2283 449 2342 videntur
462 2300 526 2341 esse
541 2282 717 2357 sanguisuga
731 2282 835 2340 siciens
850 2292 1015 2358 corruptum
1032 2284 1205 2358 sanguinem
1222 2284 1259 2342 de

256 2408 314 2466 qua
328 2390 543 2466 proverbiorum
559 2407 607 2462 30,
618 2388 797 2464 Sangariuge
810 2391 862 2446 due
874 2397 941 2446 runt
944 2390 1010 2466 filie
1022 2392 1138 2448 dr'centes
1148 2411 1158 2447 .·
1178 2392 1260 2468 affer,
1270 2397 1338 2445 Prov.
1346 2409 1391 2442 xm

257 2498 364 2567 martir,
374 2498 464 2574 afflr:
487 2505 554 2554 sunt
569 2496 647 2554 enim
662 2495 842 2554 insaciabiles
857 2496 959 2553 mundi
974 2496 1081 2556 diviciis
1096 2507 1124 2555 et
1137 2497 1260 2556 honore.
1269 2477 1309 2577 ξ

47 2617 218 2668 Assoregory
258 2601 321 2662 Nec
342 2612 478 2662 moveant
499 2602 685 2661 auctoritates
704 2611 732 2660 et
754 2602 830 2661 facta
851 2602 922 2678 legis
944 2603 1046 2661 veteris
1069 2604 1150 2679 quod
1171 2603 1260 2664 hodie
1271 2632 1302 2666 πο

47 2670 123 2718 shows,
135 2669 171 2709 the
181 2681 236 2708 wars

46 2720 71 2761 of
77 2720 113 2760 the
123 2720 165 2761 Old
174 2719 248 2758 Testa·
257 2710 364 2769 licitum
381 2709 415 2768 sit
430 2726 590 2785 pungnare,
607 2709 674 2785 quia
688 2727 739 2767 rex
754 2709 893 2785 pacificus
907 2710 1040 2767 nondum
1054 2710 1146 2768 suerat
1163 2711 1258 2769 incar·
1269 2713 1401 2777 seregent

47 2779 104 2811 ment
113 2784 149 2810 are
158 2771 182 2811 ol
189 2782 217 2810 no
1269 2780 1344 2828 Hom.
1352 2779 1402 2840 3812]

46 2820 190 2880 forceasnre·
257 2826 349 2874 natus.
391 2814 428 2872 Et
457 2815 543 2872 istum
573 2832 690 2871 sensum
704 2843 706 2847 ⁷
719 2815 827 2890 detegit
853 2817 955 2873 beatus
984 2815 1141 2893 Gregorius
1171 2835 1259 2893 super
1267 2845 1338 2894 Matr.
1346 2860 1363 2893 ο,
1373 2854 1394 2890 2,

47 2871 134 2912 cedents
143 2885 201 2915 slnce
210 2876 247 2916 the
1396 2876 1401 2899 ¹

46 2920 179 3014 ffissfo}hss
256 2921 412 2997 euangelia
434 2939 568 2979 sermone
592 2923 629 2994 38
651 2931 680 2978 et
700 2922 817 2997 ponitur
838 2922 868 2978 in
891 2921 1012 2980 decretis
1032 2923 1110 2981 xxiii.
1127 2919 1141 2951 *
1158 2941 1186 2999 q.
1208 2924 1339 2981 iiii.¹¹⁰·4·

180 2988 238 3018 eace.
1267 2980 1303 3024 55
1315 2979 1333 3023 b

259 3026 330 3086 Cum
360 3030 390 3084 e‘n
418 3028 492 3101 lege:
512 3025 570 3084 In⁴
598 3045 666 3084 nono
687 3028 870 3103 proculdubio
897 3035 1051 3087 testamento
1079 3011 1360 3104 compesceturDecret.

255 3134 388 3191 inimicos
410 3132 591 3209 conprimere
610 3133 751 3209 quando⁶
773 3134 809 3192 de
824 3133 948 3193 altilibus
963 3135 1104 3194 ministrat
1125 3135 1259 3197 ecclesie.
1269 3106 1299 3234 {j
1309 3112 1401 3219 &3¹15

255 3238 417 3299 Patriarche
431 3239 509 3297 enim
524 3238 595 3315 legis
610 3240 713 3297 veteris
727 3250 809 3298 erant
828 3241 956 3316 grossius
974 3243 1101 3301 edulium
1117 3252 1259 3319 tanquam

255 3346 356 3418 thauri,
379 3346 430 3404 sed
453 3345 577 3422 apostoli
599 3355 681 3403 erant
704 3345 826 3404 ecclesie
849 3347 978 3405 subtilius
1001 3349 1178 3419 alimentum,
1192 3359 1258 3408 tan-

254 3472 343 3531 quam
368 3452 463 3512 altilia.
505 3453 577 3511 Ideo
599 3462 715 3528 oportet
735 3453 920 3511 considerare
946 3464 1036 3514 status
1062 3465 1091 3513 et
1114 3465 1257 3532 tempora.

46 3576 223 3668 preparatione
255 3560 333 3618 Tam
356 3560 435 3617 enirn
455 3560 630 3618 verificatum
655 3568 699 3618 est
722 3558 792 3618 illud
817 3559 914 3617 Psalm
939 3563 977 3633 84
1001 3561 1207 3620 Misericordia
1232 3571 1259 3621 et
1266 3571 1304 3620 Ps.
1317 3566 1391 3618 lxxxiu

64 3642 81 3670 s.
103 3642 120 3677 4.
134 3643 162 3669 ιο.

254 3668 358 3723 veritos
372 3666 554 3724 odoraverunt
562 3668 654 3724 simul.
696 3665 817 3724 Iustz'ce'o
831 3673 856 3724 et
864 3677 929 3742 pax
941 3668 1057 3727 osculate
1064 3674 1137 3726 sunt.
1180 3669 1256 3729 Ideo
1265 3649 1304 3764 ἐξ

254 3782 369 3847 oportet
378 3772 477 3830 fideles
487 3772 595 3831 modo⁶
606 3772 776 3830 caritativius
789 3773 870 3849 sequi
882 3773 1015 3832 Cristum.
1052 3773 1256 3833 Misericordia

254 3885 353 3934 autem
367 3877 499 3953 quamvis
511 3875 656 3951 quadam⁷
670 3878 844 3952 proprietate
858 3878 926 3935 insit
941 3877 1058 3954 Spiritui
1074 3878 1194 3950 Sancto,
1206 3881 1257 3955 qui

255 3992 299 4041 est
313 3983 457 4060 posterior
473 3983 585 4059 origine
600 3983 689 4041 verbo
704 3982 761 4041 Dei
775 3994 803 4042 et
819 3984 979 4042 eternaliter
993 3995 1037 4043 est
1052 3984 1166 4044 Veritas
1180 3987 1257 4045 sieut

286 4164 294 4192 ¹
313 4161 410 4212 videtur
420 4170 469 4227 pre
480 4161 599 4219 videntur,
612 4175 638 4211 Α.
721 4161 731 4189 ²
749 4171 792 4211 xv⁰
803 4165 954 4227 pe018⁰‚t.
1039 4165 1048 4192 ³
1065 4165 1194 4229 apostolos
1206 4173 1256 4230 pre

253 4241 390 4304 apostolus,
402 4255 429 4290 Α.
507 4241 516 4268 ⁴
534 4242 556 4302 I,
569 4253 595 4291 Α.
674 4240 683 4269 ⁵
702 4243 760 4305 quin
772 4248 822 4304 pro
837 4243 943 4305 qnando,
955 4255 981 4290 Α.
1049 4246 1058 4273 ⁶
1075 4243 1158 4304 modo,
1167 4260 1216 4294 em.
1230 4256 1254 4294 Β.

253 4313 388 4380 ⁷quadam,
401 4334 447 4367 een.
459 4331 485 4367 n.
