2828 5048
625 452 674 502 DE
697 449 845 503 OFFICIO
868 449 988 503 REGIS.

306 619 367 668 ture
390 607 535 669 Romano.
549 608 604 668 viii.
622 609 734 670 Scimus
753 610 885 686 quoniam
907 605 1085 685 diligentibus
1098 605 1192 666 Deum
1215 609 1313 666 ommia
1321 619 1407 671 Rom.

305 720 487 790 cooperantur
507 716 537 773 in
554 714 661 775 bonum.
703 715 836 788 Obediat,
851 716 981 791 inquam,
996 713 1090 773 fidelis
1109 713 1166 773 deo
1183 714 1214 772 in
1236 713 1312 774 cari·
1322 687 1360 736 ²⁸¹

305 830 363 881 tate
377 831 405 880 et
420 822 491 880 deus
506 821 601 880 audiet
615 821 760 880 humiliter
773 839 873 898 preces
888 838 955 880 suas
969 818 1102 879 iaciendo
1117 820 1198 896 quod
1211 822 1311 881 omnis

305 927 362 987 alia
385 937 516 987 creatura
539 928 708 988 obedienter
733 928 788 987 sibi
807 928 910 987 serviat
930 926 969 986 ad
987 926 1120 999 salutem,
1143 935 1172 985 et
1191 925 1244 986 id¹
1265 937 1312 987 est

305 1033 527 1094 fundamentum
541 1035 603 1111 spei
616 1034 753 1094 fidelium.
1320 1046 1335 1101 5

94 1154 264 1210 (roscoegory
353 1140 519 1201 Secundum
547 1141 747 1200 testimonium
767 1150 811 1200 est
833 1140 980 1200 decretum
995 1137 1128 1215 Gregorii
1156 1139 1225 1213 lxiii,
1243 1140 1352 1199 Dis-1³.

96 1209 273 1268 madeabisbop
322 1248 327 1260 ,
387 1247 393 1261 ,
424 1245 435 1278 π
548 1250 554 1261 ,
678 1248 684 1260 .
1105 1247 1111 1262 ·
1213 1248 1219 1261 ·
1321 1225 1410 1274 Decrel·

95 1260 228 1360 &0313er
229 1274 273 1352 gp}
308 1257 414 1307 trnccro
448 1246 621 1318 Solomone,
636 1247 686 1304 ubr
700 1256 817 1306 sanctus
831 1265 910 1323 papa
930 1255 1027 1305 narrat
1045 1246 1083 1306 de
1103 1246 1152 1306 rllo
1171 1265 1313 1324 episcopo
1320 1291 1352 1340 D.
1363 1300 1412 1338 nur

95 1359 276 1452 {lrdlsssss‘ogsff
307 1353 421 1413 insolite
443 1362 472 1413 et
493 1353 655 1412 inordinate
679 1353 815 1429 imposito
839 1352 920 1429 quod
941 1352 1019 1411 misit
1043 1361 1074 1411 ut
1099 1371 1161 1412 non
1183 1353 1340 1414 celebretc
1353 1368 1387 1419 ²4·

94 1460 222 1551 ffissratffd
233 1475 281 1511 1²¹0·
307 1461 363 1519 nisi
387 1460 467 1536 prius
492 1460 662 1536 cognoverit
682 1478 701 1516 o
722 1460 905 1517 serenissimos
925 1460 1044 1517 domriu's
1064 1459 1147 1536 quod
1167 1458 1226 1520 hoc
1248 1459 1312 1519 fieri
1361 1461 1362 1464 ’

160 1523 175 1561 g
199 1524 216 1550 rs
225 1525 273 1553 own

94 1560 238 1654 gggdffit‘t
245 1562 300 1605 ‘hei‘
307 1567 465 1637 iussissent,
480 1576 508 1625 et
522 1565 600 1636 dicit,
615 1565 681 1640 Ego
695 1571 784 1624 aulem
800 1566 976 1641 precepctom'
985 1584 1078 1625 eorum
1093 1586 1179 1625 causo
1196 1568 1311 1643 psilotri
1320 1584 1349 1622 ro

305 1676 434 1747 obediens,
459 1674 563 1734 delicta
583 1675 656 1734 illius
676 1675 807 1751 episcopi
828 1693 867 1733 ex
890 1675 970 1733 cordo
991 1676 1103 1735 laxavi.
1145 1675 1207 1734 Ubi
1231 1686 1311 1753 patet

303 1782 399 1858 primo
413 1781 493 1858 quod
511 1799 589 1858 papa
607 1781 720 1857 excepit
737 1781 768 1838 in
782 1798 905 1839 censura
919 1799 973 1840 sua
987 1782 1126 1858 episcopo
1145 1782 1229 1857 quod
1248 1800 1310 1842 non

302 1887 423 1948 haberet
436 1887 588 1947 licenciam
602 1888 640 1946 ab
656 1887 877 1963 imperatoribus
899 1887 940 1946 sic
959 1887 1074 1963 agendi,
1090 1897 1170 1964 patet
1185 1899 1220 1946 20
1234 1907 1309 1965 quo·

302 1993 392 2053 modo
406 1994 459 2053 iste
475 2004 592 2055 sanctus
610 2012 687 2070 papa
706 2011 767 2053 non
789 1993 970 2053 mendaciter
991 1993 1147 2052 confitetur
1168 1995 1250 2072 quod
1272 1994 1309 2054 sit

302 2101 447 2178 preceptis
468 2101 589 2160 istorum
608 2101 817 2177 imperatorum
837 2100 985 2159 obediens.
1025 2099 1064 2159 Et
1082 2100 1162 2159 idem
1175 2111 1258 2177 patet
1271 2102 1345 2173 de15

93 2344 271 2398 (tinscregory
345 2312 486 2370 Tercium
520 2312 719 2372 testimonium
755 2321 799 2373 est
833 2312 910 2372 beati
948 2310 1085 2388 Gregorii
1123 2331 1200 2390 pape
1233 2315 1308 2375 libro
1316 2283 1406 2408 ἓξὲξ

92 2397 259 2498 {flssssessfflrlssfiff
303 2419 393 2479 tercio
420 2419 530 2496 registri
563 2421 593 2480 in
624 2421 689 2490 line,
718 2420 768 2480 ubi
797 2437 866 2497 sepe
895 2429 981 2480 vocat
1013 2420 1208 2497 Imperatores
1238 2440 1307 2481 suos
1315 2427 1335 2462 e.
1346 2423 1380 2474 4¹·

93 2498 159 2542 lords.
1315 2489 1338 2539 S.
1345 2489 1410 2551 Greg

302 2524 439 2586 dominos
454 2544 531 2599 suos,
545 2527 687 2588 confitens
704 2527 813 2585 clerum
831 2544 896 2586 esse
913 2526 943 2584 in
957 2544 1047 2584 manu
1065 2545 1175 2587 eorum.
1222 2527 1306 2587 Utro-

302 2631 389 2709 bique,
404 2633 505 2710 inquit,
520 2634 595 2710 quod
606 2633 689 2692 debui
699 2634 773 2692 solvi
788 2639 814 2691 el
822 2631 996 2710 Imperatori
1008 2632 1189 2692 obedienciam
1203 2635 1346 2710 prebur'ao

91 2746 240 2839 {rppephffign
250 2797 267 2840 it
275 2797 293 2840 is
301 2746 328 2795 et
331 2749 389 2814 pro
400 2738 461 2797 Deo
474 2739 549 2816 qood
561 2741 637 2797 sensi
648 2741 760 2798 mritime
774 2739 857 2797 tacui.
900 2738 947 2797 Ex
959 2739 1036 2798 dicto
1048 2739 1145 2817 itaque
1157 2741 1307 2817 scripture,

91 2847 273 2950 g}33,2{¹}2¹03,¹}g·3
302 2863 338 2903 ex
354 2845 431 2904 dicto
451 2855 621 2904 sanctorum
635 2845 789 2905 doctorum
803 2855 831 2904 et
846 2845 964 2905 decreto
978 2846 1076 2922 legum
1091 2845 1213 2906 ecclesie
1227 2855 1308 2923 patet

90 2945 283 3042 {fffflsslggffl‘f
302 2950 383 3026 quod
401 2951 494 3010 maior
512 2951 630 3011 obedire
647 2951 732 3011 debet
746 2951 851 3011 minori
865 2961 894 3010 et
908 2950 938 3009 in
953 2961 1095 3028 quantum
1110 2952 1207 3011 maior
1221 2953 1308 3013 debet

240 3065 242 3068 ’
302 3073 365 3115 esse
393 3056 488 3133 magis
516 3056 667 3116 obediens.
709 3056 800 3116 Aliter
827 3056 907 3117 enirn
935 3065 1048 3115 tantum
1077 3057 1307 3119 confunderetur

300 3162 388 3221 virtus
405 3162 571 3222 obediencie
586 3163 665 3240 quod
683 3163 777 3222 nullus
795 3163 949 3222 cristianus
963 3163 1095 3223 obediret
1107 3164 1140 3221 in
1153 3164 1200 3224 via
1214 3165 1303 3240 alteri,
1314 3172 1344 3234 ag

90 3283 247 3385 vrippvcipprpflatrg
301 3287 368 3328 curn
394 3269 504 3329 dubitat
529 3271 592 3346 quis
620 3271 657 3330 sit
684 3271 786 3342 maior,
807 3270 889 3348 quod
917 3270 1108 3330 confunderet
1131 3271 1305 3348 religionem

89 3374 481 3490 ffifg'hfflggglgcfssfiassam·
523 3376 563 3435 Et
587 3386 667 3454 patet
687 3375 839 3454 quomodo
860 3376 915 3435 ista
936 3377 1038 3452 opinio
1059 3377 1183 3453 imponit
1205 3378 1303 3438 deitati
1311 3384 1344 3440 Q.

89 3486 140 3529 τοῦ
174 3493 202 3529 st·
299 3482 482 3542 blasfemiam
502 3482 672 3542 auffereudo
693 3483 731 3540 ab
751 3501 787 3541 ea
800 3482 1004 3542 obedienciam
1017 3482 1048 3540 in
1063 3499 1122 3560 qua
1136 3483 1305 3561 infigeretur

300 3605 368 3665 spes
383 3598 445 3648 tota
461 3589 599 3648 fidelium.
644 3588 780 3648 Secundo
803 3589 928 3665 imponit
952 3587 1047 3648 Cristo
1070 3588 1198 3649 heresim
1222 3592 1304 3652 euius

299 3695 415 3770 spiritus
433 3695 532 3754 docuit
551 3696 582 3752 in
598 3695 689 3754 Paulo
710 3695 783 3754 filios
802 3695 922 3755 obedire
943 3694 1130 3772 parentibus;
1151 3704 1181 3754 et
1204 3705 1342 3764 tamense

299 3800 410 3860 Cristus
431 3801 526 3861 noluit
553 3803 706 3861 observare
734 3800 810 3860 hanc
835 3801 931 3878 legem
955 3800 1104 3878 propriam
1128 3802 1215 3860 matri
1242 3819 1302 3862 sue.

89 3959 275 4013 senonensem-
299 3906 435 3967 Secundo
464 3908 613 3968 induceret
640 3908 831 3967 rebellionem
854 3906 1034 3967 luciferinam
1060 3907 1092 3965 in
1117 3923 1302 3985 synagogam
1376 3904 1378 3909 ’

87 4012 249 4105 ζξζξοῑᾚῧά
297 4014 417 4074 sathane
427 4015 579 4092 implicans
590 4014 669 4093 quod
680 4016 775 4074 nullus
785 4015 939 4092 episcopus
947 4013 1211 4074 obediretdomino
1220 4032 1302 4075 seeu-

87 4077 276 4211 ᾖξεὲῑξζξξζῖθῐ
297 4121 356 4193 lari,
377 4122 445 4197 quia
464 4121 663 4181 sacerdocium
681 4120 795 4180 excedit
812 4120 965 4196 imperium
980 4120 1053 4179 sicut
1065 4137 1171 4179 aurum
1185 4121 1301 4180 excedit

85 4212 264 4315 2⁵5¹gssg⁸ssv⁶e¹ss¹y⁰2²0t
296 4227 458 4305 plumbum.
501 4226 569 4287 Hoc
591 4237 687 4286 autem
708 4227 830 4285 nimium
853 4226 1008 4286 seminaret
1029 4225 1207 4286 discordiam
1225 4227 1335 4294 interos

329 4344 418 4394 'illud
429 4352 479 4409 pro
489 4344 524 4407 id,
536 4355 559 4395 Β.
634 4341 701 4394 'dei
712 4341 912 4408 prodistinccio,
925 4355 951 4392 Α.
1017 4340 1262 4407 ὀοωρεῑειιῐετ,Α.
1302 4341 1304 4344 ’

175 3882 180 3914 l
