2828 5048
638 447 689 497 DE
711 444 858 498 OFFICIO
882 445 999 496 REGIS.

313 617 448 667 mentum
474 607 593 679 ordinis,
617 606 749 683 inpresso
777 614 921 665 caractere
950 604 1033 663 aliter
1058 621 1147 681 quam
1173 602 1203 659 in
1226 601 1314 660 veteri

315 722 497 774 testamento.
538 715 577 773 Et
591 714 631 773 sic
645 715 675 770 in
690 714 795 790 duplici
815 713 964 771 latitudine
985 710 1054 770 cleri
1075 710 1238 770 secundum
1261 710 1315 768 ista

315 822 374 880 duo
389 821 539 898 principia,
554 820 680 897 Moysen
698 831 726 879 et
742 820 877 890 Cristum‚
892 828 936 880 est
959 820 1028 877 dare
1049 818 1192 896 quotlibet
1209 815 1315 892 gradus

104 932 294 1026 ffiffiffzto
315 929 390 988 cleri.
432 929 470 987 Et
484 938 564 1004 patet
579 929 625 986 via
641 929 679 987 ad
693 928 878 1003 intelligenda
897 927 1014 985 decreta
1034 935 1202 984 sanctorum
1216 926 1246 982 in
1261 925 1315 984 ista

105 1035 266 1128 lvffilsgggaffis
274 1083 296 1126 in
315 1036 443 1094 materia.
478 1034 557 1093 Nam
568 1036 670 1094 beatus
680 1034 822 1094 Ysidorus
832 1035 874 1093 sic
887 1034 987 1093 scribit
997 1042 1028 1091 ut
1039 1034 1174 1092 recitatur
1186 1041 1240 1091 21¹²
1252 1033 1314 1092 dist.

105 1137 295 1247 ξιξοξζῖᾒῇὴθ
318 1143 414 1203 Cleros
434 1150 461 1201 et
479 1144 591 1201 clericos
610 1145 677 1201 helec
701 1144 849 1218 appellatos
870 1162 926 1199 erse
945 1143 1084 1199 credimur
1097 1143 1166 1215 quia
1180 1139 1314 1199 Mallias
1324 1138 1408 1251 3?ngle

104 1237 260 1332 ξῖἓζῗζᾝοζξ
314 1258 385 1309 sorte
397 1257 438 1308 est
449 1252 545 1308 electus
558 1269 636 1325 quem
646 1253 775 1325 primum
783 1260 838 1325 per
850 1250 984 1324 apostolos
1006 1249 1125 1324 legemus
1142 1249 1313 1306 ordinatum.
1325 1285 1343 1319 c,
1355 1281 1370 1316 1,

105 1340 307 1442 fillfflsslffigfion
316 1355 435 1433 ΚλῆροςῙ
449 1361 521 1416 enim
531 1378 621 1434 grece,
636 1359 722 1416 latrice
734 1377 796 1415 sors
810 1359 854 1415 vel
872 1358 1009 1415 hereditas
1030 1358 1136 1414 decitur
1143 1377 1155 1414 .·
1169 1364 1316 1432 propterea

105 1440 470 1546 balll12{;(fl)bydc'cle'sunl
487 1467 669 1540 clericiquia
693 1466 725 1522 de
747 1472 820 1523 sorte
841 1471 908 1522 sunt
927 1465 1034 1521 domr'eci
1054 1465 1101 1521 vel
1119 1465 1188 1538 quia
1203 1471 1316 1540 partem

106 1542 210 1584 theLoru
220 1544 269 1586 coa
388 1575 394 1586 .
419 1575 425 1587 .
708 1575 713 1586 .
926 1573 931 1584 .
1135 1573 1141 1584 .

105 1592 155 1634 sein
179 1594 215 1635 the
224 1594 277 1636 ‘rot'
286 1596 310 1638 or
316 1573 420 1631 domem
434 1573 540 1631 habent.
578 1571 751 1631 Generaliter
761 1578 850 1629 aulem
860 1571 969 1628 clereci²
982 1578 1136 1645 nuncupate
1146 1578 1214 1629 sunl
1226 1589 1316 1628 omnes
1328 1587 1353 1623 ιο

105 1643 245 1763 &stiffi
314 1681 414 1755 quiin
435 1682 545 1738 ecclesia
573 1679 667 1739 Cristi
680 1681 845 1737 deserviunt.
887 1679 963 1737 Ecce
986 1679 1038 1736 iste
1065 1687 1181 1736 sanetus
1204 1678 1316 1737 videtur
1385 1708 1387 1713 ⁴

247 1813 250 1819 ·
315 1788 436 1845 innuere
451 1787 532 1864 quod
546 1787 697 1863 degenere
717 1787 786 1845 cleri
801 1785 886 1845 Cristi
902 1785 1029 1844 Mathias
1050 1785 1104 1844 fuit
1125 1785 1242 1862 primus
1264 1787 1314 1862 qui

315 1892 463 1952 ordinatus
477 1903 520 1952 est
535 1894 735 1953 sacramentali
749 1894 941 1953 institucione.
983 1893 1021 1951 Et
1035 1894 1102 1952 hinc
1116 1893 1205 1953 credo
1219 1895 1315 1970 ipsum

315 2000 403 2059 fuisse
426 2011 502 2060 sorte
525 2001 649 2059 electum
659 2001 677 2072 ³,
698 2009 728 2059 ut
752 2010 867 2058 notetur
887 2019 997 2060 nomen
1018 2001 1113 2060 clerici
1134 2021 1153 2060 a
1174 2001 1316 2061 divisione

315 2108 480 2168 hereditatis
501 2108 576 2167 iacta
597 2128 649 2185 per
670 2118 778 2166 sortem
792 2109 951 2184 sumpsisse
972 2109 1134 2166 exordium.
1178 2108 1316 2169 Secundo
1325 2122 1358 2168 Y.

315 2215 481 2290 intelligitur
494 2215 601 2273 dictum
615 2215 691 2274 beati
705 2214 844 2273 leronimi
858 2216 986 2290 positum
1001 2215 1031 2272 in
1046 2215 1169 2274 decretis
1189 2217 1229 2274 xli
1244 2235 1273 2293 q.
1289 2217 1298 2275 i
1310 2224 1408 2274 :Deerit

319 2320 447 2380 Clericus
467 2323 520 2396 qui
532 2321 627 2380 Cristi
644 2324 732 2379 seruit
749 2322 855 2379 ecclesie
875 2323 1067 2396 interpretetur
1082 2325 1212 2398 primum
1234 2299 1400 2406 voca-{JXH'

317 2431 412 2488 bulum
433 2449 514 2486 suum
536 2436 563 2486 el
581 2431 703 2487 nements
722 2429 888 2506 dffnz‘cr'one
903 2430 1021 2505 prolata
1043 2432 1153 2486 nelatur
1172 2433 1322 2506 essequod
1357 2367 1369 2416 ⁵

317 2539 429 2596 decitur.
471 2534 510 2594 Si
520 2538 592 2593 enim
613 2540 706 2610 κλῆρος
723 2555 805 2611 grece
818 2535 902 2593 latrice
915 2556 977 2594 sors
990 2537 1157 2612 appellatur,
1167 2544 1318 2613 propterea

316 2645 414 2701 clerici
424 2645 557 2701 dicuntur
569 2645 636 2718 quia
651 2644 683 2699 de
695 2650 767 2700 sorte
780 2643 888 2700 dommi
897 2649 969 2715 sunl,
982 2645 1027 2701 vel
1036 2645 1103 2718 quia
1118 2646 1175 2720 ipre
1189 2645 1318 2703 dommus
1327 2657 1356 2692 ²0

316 2770 378 2807 sors
399 2757 426 2808 et
440 2761 515 2826 pars
536 2751 698 2806 clericorum
717 2755 761 2807 est.
803 2748 848 2805 Et
858 2750 925 2824 quia
939 2751 985 2807 uel
1002 2750 1059 2825 epse
1075 2760 1148 2825 pars
1160 2751 1322 2809 domritiest

317 2859 362 2914 vel
380 2857 540 2914 domimini*
556 2862 666 2931 partem
689 2856 789 2913 lrabeat
809 2857 890 2913 talem
912 2876 940 2913 se
961 2856 1091 2914 exhibere
1114 2857 1188 2914 debet
1210 2863 1244 2915 ut
1266 2861 1322 2935 epse

310 2964 454 3040 possedeat
464 2964 604 3020 dommum
617 2969 644 3019 et
655 2964 710 3037 epse
724 2964 901 3038 possideatur
914 2982 933 3019 a
947 2965 1062 3022 dome'eeo.
1108 2963 1167 3034 Qui
1178 2965 1319 3023 doneimem

311 3071 435 3144 possidet
459 3075 486 3126 et
510 3089 571 3127 cum
600 3070 736 3145 propheta
764 3072 832 3128 dz'cil
857 3075 945 3146 ‘pars
972 3090 1032 3128 mea
1059 3071 1201 3130 dommus'
1231 3074 1322 3131 nichel

317 3184 403 3235 extra
437 3177 576 3234 domenum
607 3176 706 3233 habere
734 3183 829 3253 potest,
888 3176 969 3248 Quod
999 3179 1028 3234 si
1058 3179 1201 3253 quidpiam
1238 3182 1350 3238 alzeco

318 3283 448 3341 labuerit
465 3290 582 3358 praeter
605 3284 745 3340 domimini
763 3294 839 3359 pars
862 3285 920 3342 eius
941 3304 995 3342 non
1014 3286 1072 3343 erit
1090 3287 1219 3344 dommus
1242 3288 1321 3345 verbi

313 3393 419 3466 gracia
442 3392 488 3447 ‘si
511 3409 615 3447 aurum
643 3390 706 3447 vel⁶
732 3391 897 3466 argentum,’
918 3393 948 3448 si
969 3394 1156 3467 possessiones,
1183 3396 1213 3450 si
1233 3396 1317 3451 varro

315 3499 494 3574 supellectilia
509 3517 570 3554 eum
585 3499 646 3555 cites
652 3498 787 3573 partibus
801 3500 927 3556 dominus
946 3518 1000 3556 non
1015 3501 1233 3578 dignaturfieri
1244 3513 1318 3579 pars

316 3608 383 3663 ericr.
404 3604 444 3664 Si
450 3595 539 3662 uectem
550 3625 598 3680 ego
605 3616 681 3681 pars
691 3606 799 3663 domc'ece'
805 3625 866 3662 sum
877 3612 904 3662 el
902 3608 1057 3682 funiculus
1067 3607 1229 3666 heredclalei
1236 3610 1315 3681 erics⁶,

317 3731 372 3769 non
396 3713 501 3787 accipio
521 3719 633 3787 partem
662 3712 735 3768 inter
761 3717 863 3769 ceteras
885 3713 983 3785 lrr'bus,
1006 3715 1055 3770 sed
1078 3716 1164 3788 quasi
1187 3717 1272 3773 levrla
1293 3719 1350 3774 etl>
1387 3742 1401 3753 ·

316 3819 443 3876 sacerdos
459 3820 522 3876 orire
536 3819 567 3875 dc
588 3819 707 3888 decenni,
722 3819 831 3876 αἰίανί7
842 3822 965 3877 serviens
979 3822 1084 3877 altarr's
1100 3821 1239 3880 oblacione
1256 3843 1318 3882 sus-

317 3931 412 3984 tentor.
454 3925 569 3982 Habens
583 3927 686 3982 uectum
700 3932 726 3982 cl
740 3929 865 3983 orricium
880 3926 936 3984 leis
949 3932 1155 3999 contentusero,
1170 3935 1197 3985 et
1213 3931 1319 3991 nudam

316 4052 424 4090 crucem
447 4033 539 4090 nudus
562 4051 671 4106 sequar.
713 4033 752 4090 Et
779 4043 859 4109 patet
882 4035 1028 4092 sentencia
1053 4034 1128 4094 dicta
1152 4036 1190 4094 de
1215 4036 1321 4098 clerico

350 4195 357 4223 ¹
378 4196 474 4259 Cleros
485 4208 513 4257 A,
526 4209 549 4244 Β.
632 4195 641 4222 ²
657 4197 731 4246 verba
748 4198 806 4262 quia
822 4198 854 4248 de
870 4205 936 4249 sorte
952 4235 958 4247 .
976 4237 983 4249 .
1001 4235 1008 4248 .
1025 4205 1108 4249 autem
1120 4199 1214 4265 clerici,
1226 4213 1273 4251 om.
1290 4213 1320 4251 Α.

316 4272 456 4324 ³clericum
467 4275 643 4339 preelectum,
654 4286 682 4325 A.
737 4276 899 4340 ‘dominia
965 4277 1006 4328 lsi
1018 4286 1067 4343 pro
1079 4279 1127 4341 vel,
1140 4291 1165 4328 Β.
1235 4280 1321 4336 ⁶eius,

317 4368 362 4400 cm.
376 4365 401 4402 n.
468 4352 478 4381 ⁷
494 4353 566 4405 alteri
576 4361 626 4417 pro
637 4355 716 4411 altari,
728 4367 754 4404 A.
