<?xml version="1.0" encoding="UTF-8"?>
<!DOCTYPE html PUBLIC "-//W3C//DTD XHTML 1.0 Transitional//EN"
    "http://www.w3.org/TR/xhtml1/DTD/xhtml1-transitional.dtd">
<html xmlns="http://www.w3.org/1999/xhtml" xml:lang="en" lang="en">
 <head>
  <title>
</title>
<meta http-equiv="Content-Type" content="text/html;charset=utf-8" />
  <meta name='ocr-system' content='tesseract 3.04.00' />
  <meta name='ocr-capabilities' content='ocr_page ocr_carea ocr_par ocr_line ocrx_word'/>
</head>
<body>
  <div class='ocr_page' id='page_1' title='image "./tractatusdeoffi00saylgoog_0282.png"; bbox 0 0 2932 5046; ppageno 0'>
   <div class='ocr_carea' id='block_1_1' title="bbox 547 461 1435 527">
    <p class='ocr_par' dir='ltr' id='par_1_1' title="bbox 547 461 1435 527">
     <span class='ocr_line' id='line_1_1' title="bbox 547 461 1435 527; baseline -0.005 -13"><span class='ocrx_word' id='word_1_1' title='bbox 547 464 597 514; x_wconf 87' lang='lat' dir='ltr'>DE</span> <span class='ocrx_word' id='word_1_2' title='bbox 621 462 769 514; x_wconf 85' lang='lat' dir='ltr'><strong>OFFICIO</strong></span> <span class='ocrx_word' id='word_1_3' title='bbox 793 463 912 514; x_wconf 84' lang='lat' dir='ltr'>REGIS.</span> <span class='ocrx_word' id='word_1_4' title='bbox 1374 461 1435 527; x_wconf 78' lang='lat'>243</span> 
     </span>
    </p>
   </div>
   <div class='ocr_carea' id='block_1_2' title="bbox 228 613 1439 707">
    <p class='ocr_par' dir='ltr' id='par_1_2' title="bbox 228 613 1439 707">
     <span class='ocr_line' id='line_1_2' title="bbox 228 613 1439 707; baseline 0 -29"><span class='ocrx_word' id='word_1_5' title='bbox 228 619 338 680; x_wconf 90' lang='lat' dir='ltr'>fratres.</span> <span class='ocrx_word' id='word_1_6' title='bbox 363 621 402 680; x_wconf 92' lang='lat' dir='ltr'>Et</span> <span class='ocrx_word' id='word_1_7' title='bbox 410 620 477 681; x_wconf 91' lang='lat' dir='ltr'>dico</span> <span class='ocrx_word' id='word_1_8' title='bbox 486 621 667 682; x_wconf 85' lang='lat' dir='ltr'>luciferinam</span> <span class='ocrx_word' id='word_1_9' title='bbox 679 623 845 699; x_wconf 86' lang='lat' dir='ltr'><strong>superbiam</strong></span> <span class='ocrx_word' id='word_1_10' title='bbox 855 622 924 700; x_wconf 92' lang='lat' dir='ltr'>quia</span> <span class='ocrx_word' id='word_1_11' title='bbox 933 621 1031 680; x_wconf 91' lang='lat' dir='ltr'>omnis</span> <span class='ocrx_word' id='word_1_12' title='bbox 1043 631 1123 680; x_wconf 92' lang='lat' dir='ltr'>actus</span> <span class='ocrx_word' id='word_1_13' title='bbox 1133 618 1228 678; x_wconf 92' lang='lat' dir='ltr'>humi·</span> <span class='ocrx_word' id='word_1_14' title='bbox 1236 613 1439 707; x_wconf 53' lang='lat' dir='ltr'>2{thss¹s¹¹¹{¹1}ffii{⁵n{2</span> 
     </span>
    </p>
   </div>
   <div class='ocr_carea' id='block_1_3' title="bbox 63 717 1412 1231">
    <p class='ocr_par' dir='ltr' id='par_1_3' title="bbox 63 717 1412 1231">
     <span class='ocr_line' id='line_1_3' title="bbox 228 717 1412 788; baseline 0.002 -4"><span class='ocrx_word' id='word_1_15' title='bbox 228 726 314 786; x_wconf 90' lang='lat' dir='ltr'>litatis</span> <span class='ocrx_word' id='word_1_16' title='bbox 341 736 385 786; x_wconf 89' lang='lat' dir='ltr'>est</span> <span class='ocrx_word' id='word_1_17' title='bbox 408 738 490 786; x_wconf 91' lang='lat' dir='ltr'>actus</span> <span class='ocrx_word' id='word_1_18' title='bbox 515 728 685 788; x_wconf 87' lang='lat' dir='ltr'>obediencie</span> <span class='ocrx_word' id='word_1_19' title='bbox 713 739 742 788; x_wconf 92' lang='lat' dir='ltr'>et</span> <span class='ocrx_word' id='word_1_20' title='bbox 769 747 786 787; x_wconf 89' lang='lat' dir='ltr'>e</span> <span class='ocrx_word' id='word_1_21' title='bbox 810 739 919 788; x_wconf 89' lang='lat' dir='ltr'>contra.</span> <span class='ocrx_word' id='word_1_22' title='bbox 954 729 1026 787; x_wconf 92' lang='lat' dir='ltr'>Ideo</span> <span class='ocrx_word' id='word_1_23' title='bbox 1047 728 1126 787; x_wconf 91' lang='lat' dir='ltr'>idem</span> <span class='ocrx_word' id='word_1_24' title='bbox 1153 717 1412 786; x_wconf 57' lang='lat' dir='ltr'>foretsnuvaevma.</span> 
     </span>
     <span class='ocr_line' id='line_1_4' title="bbox 228 833 1227 911; baseline 0.001 -20"><span class='ocrx_word' id='word_1_25' title='bbox 228 833 328 893; x_wconf 92' lang='lat' dir='ltr'>tollere</span> <span class='ocrx_word' id='word_1_26' title='bbox 356 834 398 892; x_wconf 93' lang='lat' dir='ltr'>sic</span> <span class='ocrx_word' id='word_1_27' title='bbox 423 843 503 894; x_wconf 91' lang='lat' dir='ltr'>actus</span> <span class='ocrx_word' id='word_1_28' title='bbox 531 834 697 895; x_wconf 87' lang='lat' dir='ltr'>humilitatis</span> <span class='ocrx_word' id='word_1_29' title='bbox 722 846 749 895; x_wconf 90' lang='lat' dir='ltr'>et</span> <span class='ocrx_word' id='word_1_30' title='bbox 774 845 856 894; x_wconf 91' lang='lat' dir='ltr'>actus</span> <span class='ocrx_word' id='word_1_31' title='bbox 884 835 1053 894; x_wconf 86' lang='lat' dir='ltr'>obediencie</span> <span class='ocrx_word' id='word_1_32' title='bbox 1081 844 1108 893; x_wconf 89' lang='lat' dir='ltr'>et</span> <span class='ocrx_word' id='word_1_33' title='bbox 1133 834 1227 911; x_wconf 90' lang='lat' dir='ltr'>impli-</span> 
     </span>
     <span class='ocr_line' id='line_1_5' title="bbox 229 941 1229 1017; baseline 0.002 -19"><span class='ocrx_word' id='word_1_34' title='bbox 229 957 295 999; x_wconf 90' lang='lat' dir='ltr'>care</span> <span class='ocrx_word' id='word_1_35' title='bbox 316 958 422 1001; x_wconf 91' lang='lat' dir='ltr'>omnes</span> <span class='ocrx_word' id='word_1_36' title='bbox 443 943 604 1001; x_wconf 90' lang='lat' dir='ltr'>racionales</span> <span class='ocrx_word' id='word_1_37' title='bbox 625 952 744 1001; x_wconf 89' lang='lat' dir='ltr'>naturas</span> <span class='ocrx_word' id='word_1_38' title='bbox 765 943 854 1001; x_wconf 87' lang='lat' dir='ltr'>instar</span> <span class='ocrx_word' id='word_1_39' title='bbox 878 941 987 1001; x_wconf 88' lang='lat' dir='ltr'>luciferi</span> <span class='ocrx_word' id='word_1_40' title='bbox 1009 942 1150 1017; x_wconf 88' lang='lat' dir='ltr'>superbie.</span> <span class='ocrx_word' id='word_1_41' title='bbox 1192 941 1229 1000; x_wconf 92' lang='lat' dir='ltr'>In</span> 
     </span>
     <span class='ocr_line' id='line_1_6' title="bbox 63 1046 1228 1125; baseline 0.009 -27"><span class='ocrx_word' id='word_1_42' title='bbox 63 1052 125 1100; x_wconf 62' lang='grc' dir='ltr'><strong>ποι.</strong></span> <span class='ocrx_word' id='word_1_43' title='bbox 133 1054 183 1103; x_wconf 84' lang='lat'>1⁷1</span> <span class='ocrx_word' id='word_1_44' title='bbox 191 1052 218 1098; x_wconf 85' lang='lat' dir='ltr'>b·</span> <span class='ocrx_word' id='word_1_45' title='bbox 228 1046 309 1104; x_wconf 91' lang='lat' dir='ltr'>omni</span> <span class='ocrx_word' id='word_1_46' title='bbox 335 1047 415 1105; x_wconf 91' lang='lat' dir='ltr'>enim</span> <span class='ocrx_word' id='word_1_47' title='bbox 441 1048 579 1108; x_wconf 87' lang='lat' dir='ltr'>racionali</span> <span class='ocrx_word' id='word_1_48' title='bbox 608 1059 710 1108; x_wconf 87' lang='lat' dir='ltr'>natura</span> <span class='ocrx_word' id='word_1_49' title='bbox 738 1049 847 1125; x_wconf 84' lang='lat' dir='ltr'>inqua</span> <span class='ocrx_word' id='word_1_50' title='bbox 874 1067 935 1107; x_wconf 91' lang='lat' dir='ltr'>non</span> <span class='ocrx_word' id='word_1_51' title='bbox 964 1057 1007 1106; x_wconf 91' lang='lat' dir='ltr'>est</span> <span class='ocrx_word' id='word_1_52' title='bbox 1036 1046 1051 1079; x_wconf 88' lang='lat'><strong>*</strong></span> <span class='ocrx_word' id='word_1_53' title='bbox 1080 1047 1228 1108; x_wconf 87' lang='lat' dir='ltr'>humilitas</span> 
     </span>
     <span class='ocr_line' id='line_1_7' title="bbox 227 1153 1371 1231; baseline 0.003 -20"><span class='ocrx_word' id='word_1_54' title='bbox 227 1171 288 1211; x_wconf 92' lang='lat' dir='ltr'>non</span> <span class='ocrx_word' id='word_1_55' title='bbox 298 1162 343 1211; x_wconf 92' lang='lat' dir='ltr'>est</span> <span class='ocrx_word' id='word_1_56' title='bbox 353 1153 533 1226; x_wconf 84' lang='lat' dir='ltr'>obediencia,</span> <span class='ocrx_word' id='word_1_57' title='bbox 549 1165 578 1214; x_wconf 93' lang='lat' dir='ltr'>et</span> <span class='ocrx_word' id='word_1_58' title='bbox 593 1174 609 1215; x_wconf 94' lang='lat' dir='ltr'>e</span> <span class='ocrx_word' id='word_1_59' title='bbox 625 1165 735 1215; x_wconf 91' lang='lat' dir='ltr'>contra.</span> <span class='ocrx_word' id='word_1_60' title='bbox 776 1154 815 1214; x_wconf 93' lang='lat' dir='ltr'>Et</span> <span class='ocrx_word' id='word_1_61' title='bbox 830 1155 996 1231; x_wconf 91' lang='lat' dir='ltr'>quicunque</span> <span class='ocrx_word' id='word_1_62' title='bbox 1011 1171 1073 1214; x_wconf 93' lang='lat' dir='ltr'>non</span> <span class='ocrx_word' id='word_1_63' title='bbox 1087 1154 1371 1224; x_wconf 63' lang='lat' dir='ltr'>obedienciam</span> 
     </span>
    </p>
   </div>
   <div class='ocr_carea' id='block_1_4' title="bbox 1237 1214 1439 1266">
    <p class='ocr_par' dir='ltr' id='par_1_4' title="bbox 1237 1214 1439 1266">
     <span class='ocr_line' id='line_1_8' title="bbox 1237 1214 1439 1266; baseline -0.01 -10"><span class='ocrx_word' id='word_1_64' title='bbox 1237 1228 1339 1266; x_wconf 80' lang='lat' dir='ltr'>superior,</span> <span class='ocrx_word' id='word_1_65' title='bbox 1345 1214 1439 1255; x_wconf 89' lang='lat' dir='ltr'>whether</span> 
     </span>
    </p>
   </div>
   <div class='ocr_carea' id='block_1_5' title="bbox 226 1258 1421 1365">
    <p class='ocr_par' dir='ltr' id='par_1_5' title="bbox 226 1258 1421 1365">
     <span class='ocr_line' id='line_1_9' title="bbox 226 1258 1421 1365; baseline -0.001 -49"><span class='ocrx_word' id='word_1_66' title='bbox 226 1258 403 1318; x_wconf 87' lang='lat' dir='ltr'>universitati</span> <span class='ocrx_word' id='word_1_67' title='bbox 427 1278 524 1318; x_wconf 91' lang='lat' dir='ltr'>rerum</span> <span class='ocrx_word' id='word_1_68' title='bbox 548 1271 673 1320; x_wconf 91' lang='lat' dir='ltr'>nonest</span> <span class='ocrx_word' id='word_1_69' title='bbox 695 1279 761 1321; x_wconf 89' lang='lat' dir='ltr'>vere</span> <span class='ocrx_word' id='word_1_70' title='bbox 788 1261 913 1320; x_wconf 90' lang='lat' dir='ltr'>humilis.</span> <span class='ocrx_word' id='word_1_71' title='bbox 958 1260 1038 1319; x_wconf 93' lang='lat' dir='ltr'>Sicut</span> <span class='ocrx_word' id='word_1_72' title='bbox 1064 1278 1135 1336; x_wconf 91' lang='lat' dir='ltr'>ergo</span> <span class='ocrx_word' id='word_1_73' title='bbox 1163 1279 1228 1336; x_wconf 90' lang='lat' dir='ltr'>pre·</span> <span class='ocrx_word' id='word_1_74' title='bbox 1237 1265 1421 1365; x_wconf 57' lang='lat' dir='ltr'>{ggfflpssffj</span> 
     </span>
    </p>
   </div>
   <div class='ocr_carea' id='block_1_6' title="bbox 61 1365 1441 1878">
    <p class='ocr_par' dir='ltr' id='par_1_6' title="bbox 226 1365 1417 1464">
     <span class='ocr_line' id='line_1_10' title="bbox 226 1365 1417 1464; baseline -0.001 -40"><span class='ocrx_word' id='word_1_75' title='bbox 226 1367 338 1443; x_wconf 92' lang='lat' dir='ltr'>positus</span> <span class='ocrx_word' id='word_1_76' title='bbox 352 1366 487 1426; x_wconf 87' lang='lat' dir='ltr'>secularis</span> <span class='ocrx_word' id='word_1_77' title='bbox 500 1367 546 1425; x_wconf 90' lang='lat' dir='ltr'>vel</span> <span class='ocrx_word' id='word_1_78' title='bbox 561 1365 713 1444; x_wconf 90' lang='lat' dir='ltr'>spiritualis</span> <span class='ocrx_word' id='word_1_79' title='bbox 728 1379 795 1444; x_wconf 91' lang='lat' dir='ltr'>post</span> <span class='ocrx_word' id='word_1_80' title='bbox 810 1369 871 1426; x_wconf 91' lang='lat' dir='ltr'>eius</span> <span class='ocrx_word' id='word_1_81' title='bbox 885 1368 1098 1426; x_wconf 84' lang='lat' dir='ltr'>exaltacionem</span> <span class='ocrx_word' id='word_1_82' title='bbox 1112 1366 1149 1426; x_wconf 95' lang='lat' dir='ltr'>ad</span> <span class='ocrx_word' id='word_1_83' title='bbox 1163 1385 1228 1445; x_wconf 92' lang='lat' dir='ltr'>pre·</span> <span class='ocrx_word' id='word_1_84' title='bbox 1237 1379 1383 1464; x_wconf 55' lang='lat' dir='ltr'>ffifgffid</span> <span class='ocrx_word' id='word_1_85' title='bbox 1393 1429 1417 1458; x_wconf 78' lang='lat' dir='ltr'>so</span> 
     </span>
    </p>

    <p class='ocr_par' dir='ltr' id='par_1_7' title="bbox 226 1467 1412 1559">
     <span class='ocr_line' id='line_1_11' title="bbox 226 1467 1412 1559; baseline -0.003 -28"><span class='ocrx_word' id='word_1_86' title='bbox 226 1473 385 1548; x_wconf 90' lang='lat' dir='ltr'>posituram</span> <span class='ocrx_word' id='word_1_87' title='bbox 406 1473 493 1533; x_wconf 91' lang='lat' dir='ltr'>debet</span> <span class='ocrx_word' id='word_1_88' title='bbox 513 1492 577 1532; x_wconf 91' lang='lat' dir='ltr'>esse</span> <span class='ocrx_word' id='word_1_89' title='bbox 597 1474 733 1533; x_wconf 91' lang='lat' dir='ltr'>humilior</span> <span class='ocrx_word' id='word_1_90' title='bbox 754 1475 982 1551; x_wconf 83' lang='lat' dir='ltr'>quibuscunque.</span> <span class='ocrx_word' id='word_1_91' title='bbox 997 1475 1039 1533; x_wconf 91' lang='lat' dir='ltr'>sic</span> <span class='ocrx_word' id='word_1_92' title='bbox 1060 1473 1145 1532; x_wconf 90' lang='lat' dir='ltr'>debet</span> <span class='ocrx_word' id='word_1_93' title='bbox 1166 1491 1229 1533; x_wconf 91' lang='lat' dir='ltr'>esse</span> <span class='ocrx_word' id='word_1_94' title='bbox 1237 1467 1412 1559; x_wconf 53' lang='grc' dir='ltr'>ᾒξζξζὶξθῇξξζς</span> 
     </span>
    </p>

    <p class='ocr_par' dir='ltr' id='par_1_8' title="bbox 188 1567 1422 1668">
     <span class='ocr_line' id='line_1_12' title="bbox 188 1567 1422 1668; baseline -0.002 -32"><span class='ocrx_word' id='word_1_95' title='bbox 188 1580 413 1640; x_wconf 87' lang='lat' dir='ltr'>roobediencior</span> <span class='ocrx_word' id='word_1_96' title='bbox 437 1579 581 1657; x_wconf 90' lang='lat' dir='ltr'>capiendo</span> <span class='ocrx_word' id='word_1_97' title='bbox 605 1580 773 1657; x_wconf 90' lang='lat' dir='ltr'>exemplum</span> <span class='ocrx_word' id='word_1_98' title='bbox 795 1581 833 1639; x_wconf 92' lang='lat' dir='ltr'>de</span> <span class='ocrx_word' id='word_1_99' title='bbox 857 1580 962 1652; x_wconf 93' lang='lat' dir='ltr'>David,</span> <span class='ocrx_word' id='word_1_100' title='bbox 985 1589 1104 1656; x_wconf 84' lang='lat' dir='ltr'>gerente</span> <span class='ocrx_word' id='word_1_101' title='bbox 1126 1590 1228 1656; x_wconf 86' lang='lat' dir='ltr'>typum</span> <span class='ocrx_word' id='word_1_102' title='bbox 1238 1567 1422 1668; x_wconf 53' lang='lat' dir='ltr'>{ffingx‘ffi‘ffjggs</span> 
     </span>
    </p>

    <p class='ocr_par' dir='ltr' id='par_1_9' title="bbox 61 1667 1441 1878">
     <span class='ocr_line' id='line_1_13' title="bbox 64 1667 1441 1764; baseline -0.004 -18"><span class='ocrx_word' id='word_1_103' title='bbox 64 1696 157 1746; x_wconf 77' lang='lat' dir='ltr'>osam.</span> <span class='ocrx_word' id='word_1_104' title='bbox 166 1695 199 1746; x_wconf 85' lang='lat' dir='ltr'>vi.</span> <span class='ocrx_word' id='word_1_105' title='bbox 227 1686 321 1758; x_wconf 90' lang='lat' dir='ltr'>Cristi,</span> <span class='ocrx_word' id='word_1_106' title='bbox 337 1686 388 1764; x_wconf 93' lang='lat' dir='ltr'>qui</span> <span class='ocrx_word' id='word_1_107' title='bbox 404 1683 431 1745; x_wconf 74' lang='lat' dir='ltr'>ai</span> <span class='ocrx_word' id='word_1_108' title='bbox 447 1685 520 1763; x_wconf 91' lang='lat' dir='ltr'>Reg.</span> <span class='ocrx_word' id='word_1_109' title='bbox 534 1687 570 1745; x_wconf 89' lang='lat' dir='ltr'>vi.</span> <span class='ocrx_word' id='word_1_110' title='bbox 584 1697 652 1762; x_wconf 90' lang='lat' dir='ltr'>post</span> <span class='ocrx_word' id='word_1_111' title='bbox 665 1688 795 1763; x_wconf 89' lang='lat' dir='ltr'>regimen</span> <span class='ocrx_word' id='word_1_112' title='bbox 810 1687 948 1764; x_wconf 89' lang='lat' dir='ltr'>adeptum</span> <span class='ocrx_word' id='word_1_113' title='bbox 965 1687 1068 1763; x_wconf 88' lang='lat' dir='ltr'>legitur</span> <span class='ocrx_word' id='word_1_114' title='bbox 1081 1686 1229 1747; x_wconf 84' lang='lat' dir='ltr'>accinctus</span> <span class='ocrx_word' id='word_1_115' title='bbox 1238 1667 1441 1711; x_wconf 60' lang='lat' dir='ltr'>D²v³d²¹¹dc¹¹¹³⁵t·</span> 
     </span>
     <span class='ocr_line' id='line_1_14' title="bbox 61 1775 1229 1878; baseline -0.003 -22"><span class='ocrx_word' id='word_1_116' title='bbox 61 1775 135 1878; x_wconf 42' lang='lat'>233·</span> <span class='ocrx_word' id='word_1_117' title='bbox 226 1793 316 1870; x_wconf 87' lang='lat' dir='ltr'>ephot</span> <span class='ocrx_word' id='word_1_118' title='bbox 336 1794 406 1852; x_wconf 93' lang='lat' dir='ltr'>linio</span> <span class='ocrx_word' id='word_1_119' title='bbox 427 1803 455 1853; x_wconf 91' lang='lat' dir='ltr'>et</span> <span class='ocrx_word' id='word_1_120' title='bbox 476 1793 645 1871; x_wconf 89' lang='lat' dir='ltr'>percuciens</span> <span class='ocrx_word' id='word_1_121' title='bbox 665 1794 696 1851; x_wconf 89' lang='lat' dir='ltr'>in</span> <span class='ocrx_word' id='word_1_122' title='bbox 717 1792 835 1870; x_wconf 83' lang='lat' dir='ltr'>organis</span> <span class='ocrx_word' id='word_1_123' title='bbox 857 1793 1005 1869; x_wconf 85' lang='lat' dir='ltr'>armigatis</span> <span class='ocrx_word' id='word_1_124' title='bbox 1024 1793 1039 1825; x_wconf 81' lang='grc'>*</span> <span class='ocrx_word' id='word_1_125' title='bbox 1055 1812 1089 1853; x_wconf 89' lang='lat' dir='ltr'>ac</span> <span class='ocrx_word' id='word_1_126' title='bbox 1111 1794 1229 1854; x_wconf 88' lang='lat' dir='ltr'>saltasse</span> 
     </span>
    </p>
   </div>
   <div class='ocr_carea' id='block_1_7' title="bbox 226 1899 1231 1961">
    <p class='ocr_par' dir='ltr' id='par_1_10' title="bbox 226 1899 1231 1961">
     <span class='ocr_line' id='line_1_15' title="bbox 226 1899 1231 1961; baseline 0.002 -2"><span class='ocrx_word' id='word_1_127' title='bbox 226 1901 294 1959; x_wconf 87' lang='lat' dir='ltr'>totis</span> <span class='ocrx_word' id='word_1_128' title='bbox 314 1901 422 1958; x_wconf 92' lang='lat' dir='ltr'>viribus</span> <span class='ocrx_word' id='word_1_129' title='bbox 443 1918 543 1961; x_wconf 91' lang='lat' dir='ltr'>eoram</span> <span class='ocrx_word' id='word_1_130' title='bbox 564 1899 661 1960; x_wconf 89' lang='lat' dir='ltr'>archa.</span> <span class='ocrx_word' id='word_1_131' title='bbox 706 1899 753 1959; x_wconf 91' lang='lat' dir='ltr'>Sic</span> <span class='ocrx_word' id='word_1_132' title='bbox 773 1900 804 1957; x_wconf 92' lang='lat' dir='ltr'>in</span> <span class='ocrx_word' id='word_1_133' title='bbox 825 1917 903 1959; x_wconf 89' lang='lat' dir='ltr'>novo</span> <span class='ocrx_word' id='word_1_134' title='bbox 923 1909 1097 1960; x_wconf 87' lang='lat' dir='ltr'>testamento</span> <span class='ocrx_word' id='word_1_135' title='bbox 1119 1901 1231 1961; x_wconf 87' lang='lat' dir='ltr'>Cristus</span> 
     </span>
    </p>
   </div>
   <div class='ocr_carea' id='block_1_8' title="bbox 61 2006 1231 2403">
    <p class='ocr_par' dir='ltr' id='par_1_11' title="bbox 226 2006 1231 2082">
     <span class='ocr_line' id='line_1_16' title="bbox 226 2006 1231 2082; baseline 0.001 -16"><span class='ocrx_word' id='word_1_136' title='bbox 226 2025 357 2068; x_wconf 89' lang='lat' dir='ltr'>summus</span> <span class='ocrx_word' id='word_1_137' title='bbox 384 2026 436 2066; x_wconf 86' lang='lat' dir='ltr'>rex</span> <span class='ocrx_word' id='word_1_138' title='bbox 461 2016 491 2066; x_wconf 92' lang='lat' dir='ltr'>et</span> <span class='ocrx_word' id='word_1_139' title='bbox 515 2006 651 2067; x_wconf 87' lang='lat' dir='ltr'>sacerdos</span> <span class='ocrx_word' id='word_1_140' title='bbox 676 2006 812 2065; x_wconf 88' lang='lat' dir='ltr'>exultavit</span> <span class='ocrx_word' id='word_1_141' title='bbox 833 2015 865 2064; x_wconf 95' lang='lat' dir='ltr'>ut</span> <span class='ocrx_word' id='word_1_142' title='bbox 885 2006 969 2082; x_wconf 89' lang='lat' dir='ltr'>gigas</span> <span class='ocrx_word' id='word_1_143' title='bbox 991 2007 1028 2066; x_wconf 94' lang='lat' dir='ltr'>ad</span> <span class='ocrx_word' id='word_1_144' title='bbox 1058 2008 1231 2068; x_wconf 89' lang='lat' dir='ltr'>currendam</span> 
     </span>
    </p>

    <p class='ocr_par' dir='ltr' id='par_1_12' title="bbox 187 2112 1231 2190">
     <span class='ocr_line' id='line_1_17' title="bbox 187 2112 1231 2190; baseline -0.004 -13"><span class='ocrx_word' id='word_1_145' title='bbox 187 2126 216 2177; x_wconf 86' lang='lat'>15</span> <span class='ocrx_word' id='word_1_146' title='bbox 227 2114 304 2172; x_wconf 92' lang='lat' dir='ltr'>viam</span> <span class='ocrx_word' id='word_1_147' title='bbox 317 2130 418 2173; x_wconf 91' lang='lat' dir='ltr'>coram</span> <span class='ocrx_word' id='word_1_148' title='bbox 429 2113 551 2174; x_wconf 89' lang='lat' dir='ltr'>ecclesia</span> <span class='ocrx_word' id='word_1_149' title='bbox 562 2122 590 2172; x_wconf 88' lang='lat' dir='ltr'>et</span> <span class='ocrx_word' id='word_1_150' title='bbox 599 2112 700 2172; x_wconf 92' lang='lat' dir='ltr'>habuit</span> <span class='ocrx_word' id='word_1_151' title='bbox 711 2113 808 2172; x_wconf 91' lang='lat' dir='ltr'>omnis</span> <span class='ocrx_word' id='word_1_152' title='bbox 823 2113 937 2190; x_wconf 89' lang='lat' dir='ltr'>generis</span> <span class='ocrx_word' id='word_1_153' title='bbox 951 2132 1062 2190; x_wconf 89' lang='lat' dir='ltr'>organa</span> <span class='ocrx_word' id='word_1_154' title='bbox 1074 2114 1231 2190; x_wconf 89' lang='lat' dir='ltr'>spiritualia</span> 
     </span>
    </p>

    <p class='ocr_par' dir='ltr' id='par_1_13' title="bbox 227 2217 1231 2297">
     <span class='ocr_line' id='line_1_18' title="bbox 227 2217 1231 2297; baseline 0 -18"><span class='ocrx_word' id='word_1_155' title='bbox 227 2219 315 2279; x_wconf 88' lang='lat' dir='ltr'>armis</span> <span class='ocrx_word' id='word_1_156' title='bbox 341 2228 370 2278; x_wconf 90' lang='lat' dir='ltr'>et</span> <span class='ocrx_word' id='word_1_157' title='bbox 401 2219 529 2279; x_wconf 90' lang='lat' dir='ltr'>humeris</span> <span class='ocrx_word' id='word_1_158' title='bbox 562 2217 679 2297; x_wconf 87' lang='lat' dir='ltr'>alligata</span> <span class='ocrx_word' id='word_1_159' title='bbox 689 2217 708 2278; x_wconf 82' lang='lat'>¹.</span> <span class='ocrx_word' id='word_1_160' title='bbox 757 2218 805 2278; x_wconf 92' lang='lat' dir='ltr'>Sic</span> <span class='ocrx_word' id='word_1_161' title='bbox 839 2219 917 2278; x_wconf 91' lang='lat' dir='ltr'>enim</span> <span class='ocrx_word' id='word_1_162' title='bbox 951 2219 1077 2278; x_wconf 90' lang='lat' dir='ltr'>obedivit</span> <span class='ocrx_word' id='word_1_163' title='bbox 1112 2220 1231 2279; x_wconf 89' lang='lat' dir='ltr'>lucifero</span> 
     </span>
    </p>

    <p class='ocr_par' dir='ltr' id='par_1_14' title="bbox 61 2325 1230 2403">
     <span class='ocr_line' id='line_1_19' title="bbox 61 2325 1230 2403; baseline 0.002 -21"><span class='ocrx_word' id='word_1_164' title='bbox 61 2333 136 2382; x_wconf 88' lang='lat' dir='ltr'>Matt.</span> <span class='ocrx_word' id='word_1_165' title='bbox 148 2329 181 2381; x_wconf 87' lang='lat' dir='ltr'>iv.</span> <span class='ocrx_word' id='word_1_166' title='bbox 194 2326 331 2394; x_wconf 80' lang='lat' dir='ltr'>3.Matth.</span> <span class='ocrx_word' id='word_1_167' title='bbox 349 2326 400 2399; x_wconf 91' lang='lat' dir='ltr'>iv0,</span> <span class='ocrx_word' id='word_1_168' title='bbox 425 2326 552 2387; x_wconf 89' lang='lat' dir='ltr'>obedivit</span> <span class='ocrx_word' id='word_1_169' title='bbox 572 2325 705 2387; x_wconf 90' lang='lat' dir='ltr'>Scarioth</span> <span class='ocrx_word' id='word_1_170' title='bbox 726 2325 789 2385; x_wconf 91' lang='lat' dir='ltr'>Ioh.</span> <span class='ocrx_word' id='word_1_171' title='bbox 809 2327 867 2398; x_wconf 85' lang='lat' dir='ltr'>xiii,</span> <span class='ocrx_word' id='word_1_172' title='bbox 887 2326 1014 2385; x_wconf 92' lang='lat' dir='ltr'>obedivit</span> <span class='ocrx_word' id='word_1_173' title='bbox 1033 2336 1062 2385; x_wconf 91' lang='lat' dir='ltr'>et</span> <span class='ocrx_word' id='word_1_174' title='bbox 1086 2327 1230 2403; x_wconf 88' lang='lat' dir='ltr'>tyrrannis</span> 
     </span>
    </p>
   </div>
   <div class='ocr_carea' id='block_1_9' title="bbox 60 2397 1409 2525">
    <p class='ocr_par' dir='ltr' id='par_1_15' title="bbox 60 2397 1409 2525">
     <span class='ocr_line' id='line_1_20' title="bbox 60 2397 1409 2525; baseline -0.007 -29"><span class='ocrx_word' id='word_1_175' title='bbox 60 2397 128 2525; x_wconf 47' lang='grc' dir='ltr'>ΕΜ</span> <span class='ocrx_word' id='word_1_176' title='bbox 139 2397 191 2447; x_wconf 63' lang='lat' dir='ltr'>&#39;dii&#39;</span> <span class='ocrx_word' id='word_1_177' title='bbox 225 2434 360 2509; x_wconf 92' lang='lat' dir='ltr'>gentibus</span> <span class='ocrx_word' id='word_1_178' title='bbox 375 2433 438 2493; x_wconf 90' lang='lat' dir='ltr'>luce</span> <span class='ocrx_word' id='word_1_179' title='bbox 455 2444 517 2508; x_wconf 83' lang='lat'><strong>230.</strong></span> <span class='ocrx_word' id='word_1_180' title='bbox 558 2434 598 2492; x_wconf 92' lang='lat' dir='ltr'>Et</span> <span class='ocrx_word' id='word_1_181' title='bbox 611 2433 685 2492; x_wconf 92' lang='lat' dir='ltr'>sicut</span> <span class='ocrx_word' id='word_1_182' title='bbox 699 2432 811 2492; x_wconf 91' lang='lat' dir='ltr'>Michol</span> <span class='ocrx_word' id='word_1_183' title='bbox 820 2430 839 2503; x_wconf 75' lang='lat'>²,</span> <span class='ocrx_word' id='word_1_184' title='bbox 851 2433 910 2491; x_wconf 88' lang='lat' dir='ltr'>filia</span> <span class='ocrx_word' id='word_1_185' title='bbox 924 2432 1001 2504; x_wconf 91' lang='lat' dir='ltr'>Saul,</span> <span class='ocrx_word' id='word_1_186' title='bbox 1014 2433 1110 2491; x_wconf 92' lang='lat' dir='ltr'>derisit</span> <span class='ocrx_word' id='word_1_187' title='bbox 1125 2433 1229 2505; x_wconf 85' lang='lat' dir='ltr'>David,</span> <span class='ocrx_word' id='word_1_188' title='bbox 1239 2441 1327 2501; x_wconf 66' lang='lat' dir='ltr'>But-the</span> <span class='ocrx_word' id='word_1_189' title='bbox 1336 2442 1409 2502; x_wconf 62' lang='lat' dir='ltr'>clergy</span> 
     </span>
    </p>
   </div>
   <div class='ocr_carea' id='block_1_10' title="bbox 60 2493 1408 2618">
    <p class='ocr_par' dir='ltr' id='par_1_16' title="bbox 60 2493 1408 2618">
     <span class='ocr_line' id='line_1_21' title="bbox 60 2493 1408 2618; baseline -0.003 -21"><span class='ocrx_word' id='word_1_190' title='bbox 60 2526 209 2579; x_wconf 65' lang='lat' dir='ltr'><strong>Lukmffi·</strong></span> <span class='ocrx_word' id='word_1_191' title='bbox 226 2541 337 2612; x_wconf 68' lang='lat' dir='ltr'>dicens</span> <span class='ocrx_word' id='word_1_192' title='bbox 355 2538 446 2611; x_wconf 76' lang='lat' dir='ltr'>Quom</span> <span class='ocrx_word' id='word_1_193' title='bbox 463 2541 606 2617; x_wconf 71' lang='lat' dir='ltr'>gloriosus</span> <span class='ocrx_word' id='word_1_194' title='bbox 614 2538 687 2618; x_wconf 71' lang='lat' dir='ltr'>suri</span> <span class='ocrx_word' id='word_1_195' title='bbox 698 2559 755 2599; x_wconf 82' lang='lat' dir='ltr'>rex</span> <span class='ocrx_word' id='word_1_196' title='bbox 769 2537 866 2597; x_wconf 80' lang='lat' dir='ltr'>Israel</span> <span class='ocrx_word' id='word_1_197' title='bbox 879 2537 964 2609; x_wconf 69' lang='lat' dir='ltr'>hodae,</span> <span class='ocrx_word' id='word_1_198' title='bbox 980 2536 1177 2615; x_wconf 71' lang='lat' dir='ltr'>discooperiens</span> <span class='ocrx_word' id='word_1_199' title='bbox 1200 2493 1408 2598; x_wconf 42' lang='lat' dir='ltr'>seffic&#39;fleithlffsRSts</span> 
     </span>
    </p>
   </div>
   <div class='ocr_carea' id='block_1_11' title="bbox 58 2593 1419 4048">
    <p class='ocr_par' dir='ltr' id='par_1_17' title="bbox 58 2593 1419 4048">
     <span class='ocr_line' id='line_1_22' title="bbox 185 2593 1365 2721; baseline 0.001 -17"><span class='ocrx_word' id='word_1_200' title='bbox 185 2655 217 2698; x_wconf 79' lang='lat'>&#39;²0</span> <span class='ocrx_word' id='word_1_201' title='bbox 226 2653 289 2705; x_wconf 80' lang='lat' dir='ltr'>onte</span> <span class='ocrx_word' id='word_1_202' title='bbox 299 2648 420 2705; x_wconf 84' lang='lat' dir='ltr'>ancillas</span> <span class='ocrx_word' id='word_1_203' title='bbox 427 2665 572 2705; x_wconf 82' lang='lat' dir='ltr'>servorum</span> <span class='ocrx_word' id='word_1_204' title='bbox 583 2665 707 2718; x_wconf 84' lang='lat' dir='ltr'>suorum,</span> <span class='ocrx_word' id='word_1_205' title='bbox 721 2646 876 2704; x_wconf 77' lang='lat' dir='ltr'>etnudotus</span> <span class='ocrx_word' id='word_1_206' title='bbox 896 2652 936 2702; x_wconf 84' lang='lat' dir='ltr'>est</span> <span class='ocrx_word' id='word_1_207' title='bbox 947 2647 1035 2721; x_wconf 79' lang='lat' dir='ltr'>quari</span> <span class='ocrx_word' id='word_1_208' title='bbox 1047 2646 1092 2703; x_wconf 78' lang='lat' dir='ltr'>si³</span> <span class='ocrx_word' id='word_1_209' title='bbox 1112 2648 1229 2705; x_wconf 74' lang='lat' dir='ltr'>nudetur</span> <span class='ocrx_word' id='word_1_210' title='bbox 1238 2593 1365 2687; x_wconf 47' lang='lat' dir='ltr'>gffildld</span> 
     </span>
     <span class='ocr_line' id='line_1_23' title="bbox 58 2744 1230 2829; baseline 0 -17"><span class='ocrx_word' id='word_1_211' title='bbox 58 2744 95 2790; x_wconf 79' lang='lat' dir='ltr'>R.</span> <span class='ocrx_word' id='word_1_212' title='bbox 226 2772 300 2812; x_wconf 85' lang='lat' dir='ltr'>unus</span> <span class='ocrx_word' id='word_1_213' title='bbox 313 2753 344 2810; x_wconf 84' lang='lat' dir='ltr'>de</span> <span class='ocrx_word' id='word_1_214' title='bbox 357 2754 475 2826; x_wconf 69' lang='lat' dir='ltr'>scurras,</span> <span class='ocrx_word' id='word_1_215' title='bbox 491 2753 533 2812; x_wconf 90' lang='lat' dir='ltr'>sic</span> <span class='ocrx_word' id='word_1_216' title='bbox 549 2753 708 2829; x_wconf 85' lang='lat' dir='ltr'>superbus⁴</span> <span class='ocrx_word' id='word_1_217' title='bbox 721 2752 823 2823; x_wconf 87' lang='lat' dir='ltr'>clerus,</span> <span class='ocrx_word' id='word_1_218' title='bbox 839 2751 890 2828; x_wconf 72' lang='lat' dir='ltr'>qui</span> <span class='ocrx_word' id='word_1_219' title='bbox 904 2751 1014 2810; x_wconf 93' lang='lat' dir='ltr'>videtur</span> <span class='ocrx_word' id='word_1_220' title='bbox 1025 2751 1120 2811; x_wconf 95' lang='lat' dir='ltr'>David</span> <span class='ocrx_word' id='word_1_221' title='bbox 1129 2762 1230 2813; x_wconf 91' lang='lat' dir='ltr'>nostro</span> 
     </span>
     <span class='ocr_line' id='line_1_24' title="bbox 226 2860 1231 2938; baseline 0.001 -20"><span class='ocrx_word' id='word_1_222' title='bbox 226 2860 364 2936; x_wconf 90' lang='lat' dir='ltr'>spirituali</span> <span class='ocrx_word' id='word_1_223' title='bbox 372 2861 558 2920; x_wconf 89' lang='lat' dir='ltr'>matrimonio</span> <span class='ocrx_word' id='word_1_224' title='bbox 568 2861 730 2938; x_wconf 72' lang='lat' dir='ltr'>copulatus</span> <span class='ocrx_word' id='word_1_225' title='bbox 741 2860 852 2919; x_wconf 89' lang='lat' dir='ltr'>deridet</span> <span class='ocrx_word' id='word_1_226' title='bbox 863 2878 931 2917; x_wconf 91' lang='lat' dir='ltr'>eum</span> <span class='ocrx_word' id='word_1_227' title='bbox 942 2860 1231 2935; x_wconf 89' lang='lat' dir='ltr'>proporcionabiliter</span> 
     </span>
     <span class='ocr_line' id='line_1_25' title="bbox 226 2966 1232 3043; baseline 0.003 -19"><span class='ocrx_word' id='word_1_228' title='bbox 226 2967 257 3024; x_wconf 90' lang='lat' dir='ltr'>in</span> <span class='ocrx_word' id='word_1_229' title='bbox 271 2966 386 3039; x_wconf 81' lang='lat' dir='ltr'>effectu,</span> <span class='ocrx_word' id='word_1_230' title='bbox 401 2966 471 3024; x_wconf 92' lang='lat' dir='ltr'>dum</span> <span class='ocrx_word' id='word_1_231' title='bbox 485 2967 595 3043; x_wconf 92' lang='lat' dir='ltr'>obligat</span> <span class='ocrx_word' id='word_1_232' title='bbox 614 2984 645 3026; x_wconf 92' lang='lat' dir='ltr'>se</span> <span class='ocrx_word' id='word_1_233' title='bbox 667 2967 705 3025; x_wconf 91' lang='lat' dir='ltr'>ad</span> <span class='ocrx_word' id='word_1_234' title='bbox 719 2966 873 3025; x_wconf 90' lang='lat' dir='ltr'>vivendum</span> <span class='ocrx_word' id='word_1_235' title='bbox 888 2966 1009 3025; x_wconf 92' lang='lat' dir='ltr'>similius</span> <span class='ocrx_word' id='word_1_236' title='bbox 1024 2966 1079 3026; x_wconf 92' lang='lat' dir='ltr'>vite</span> <span class='ocrx_word' id='word_1_237' title='bbox 1095 2967 1188 3040; x_wconf 89' lang='lat' dir='ltr'>Cristi,</span> <span class='ocrx_word' id='word_1_238' title='bbox 1202 2978 1232 3027; x_wconf 91' lang='lat' dir='ltr'>et</span> 
     </span>
     <span class='ocr_line' id='line_1_26' title="bbox 226 3072 1231 3151; baseline 0.001 -18"><span class='ocrx_word' id='word_1_239' title='bbox 226 3085 293 3151; x_wconf 92' lang='lat' dir='ltr'>post</span> <span class='ocrx_word' id='word_1_240' title='bbox 306 3073 361 3133; x_wconf 91' lang='lat' dir='ltr'>hec</span> <span class='ocrx_word' id='word_1_241' title='bbox 376 3073 445 3132; x_wconf 92' lang='lat' dir='ltr'>dicit</span> <span class='ocrx_word' id='word_1_242' title='bbox 459 3072 490 3132; x_wconf 90' lang='lat' dir='ltr'>in</span> <span class='ocrx_word' id='word_1_243' title='bbox 504 3073 732 3133; x_wconf 90' lang='lat' dir='ltr'>conversacione</span> <span class='ocrx_word' id='word_1_244' title='bbox 747 3073 826 3150; x_wconf 93' lang='lat' dir='ltr'>quod</span> <span class='ocrx_word' id='word_1_245' title='bbox 846 3072 911 3132; x_wconf 92' lang='lat' dir='ltr'>talis</span> <span class='ocrx_word' id='word_1_246' title='bbox 932 3073 989 3132; x_wconf 86' lang='lat' dir='ltr'>vita</span> <span class='ocrx_word' id='word_1_247' title='bbox 1011 3072 1108 3132; x_wconf 90' lang='lat' dir='ltr'>Cristo</span> <span class='ocrx_word' id='word_1_248' title='bbox 1131 3074 1231 3134; x_wconf 91' lang='lat' dir='ltr'>similis</span> 
     </span>
     <span class='ocr_line' id='line_1_27' title="bbox 188 3178 1230 3256; baseline 0.003 -20"><span class='ocrx_word' id='word_1_249' title='bbox 188 3184 218 3236; x_wconf 77' lang='lat'>²5</span> <span class='ocrx_word' id='word_1_250' title='bbox 228 3179 301 3239; x_wconf 79' lang='lat' dir='ltr'>foret</span> <span class='ocrx_word' id='word_1_251' title='bbox 315 3180 439 3240; x_wconf 90' lang='lat' dir='ltr'>omnino</span> <span class='ocrx_word' id='word_1_252' title='bbox 448 3178 490 3238; x_wconf 94' lang='lat' dir='ltr'>eis</span> <span class='ocrx_word' id='word_1_253' title='bbox 505 3179 715 3239; x_wconf 89' lang='lat' dir='ltr'>inconveniens</span> <span class='ocrx_word' id='word_1_254' title='bbox 729 3189 871 3256; x_wconf 89' lang='lat' dir='ltr'>tanquam</span> <span class='ocrx_word' id='word_1_255' title='bbox 885 3179 1029 3256; x_wconf 87' lang='lat' dir='ltr'>ignobilis,</span> <span class='ocrx_word' id='word_1_256' title='bbox 1043 3198 1111 3239; x_wconf 91' lang='lat' dir='ltr'>curn</span> <span class='ocrx_word' id='word_1_257' title='bbox 1127 3181 1230 3239; x_wconf 91' lang='lat' dir='ltr'>debeat</span> 
     </span>
     <span class='ocr_line' id='line_1_28' title="bbox 225 3283 1229 3364; baseline 0.001 -20"><span class='ocrx_word' id='word_1_258' title='bbox 225 3305 288 3345; x_wconf 91' lang='lat' dir='ltr'>nou</span> <span class='ocrx_word' id='word_1_259' title='bbox 313 3286 411 3346; x_wconf 92' lang='lat' dir='ltr'>solum</span> <span class='ocrx_word' id='word_1_260' title='bbox 433 3286 564 3346; x_wconf 92' lang='lat' dir='ltr'>ecclesiis</span> <span class='ocrx_word' id='word_1_261' title='bbox 590 3283 660 3364; x_wconf 89' lang='lat' dir='ltr'>(que</span> <span class='ocrx_word' id='word_1_262' title='bbox 682 3296 748 3345; x_wconf 94' lang='lat' dir='ltr'>sunt</span> <span class='ocrx_word' id='word_1_263' title='bbox 769 3286 873 3344; x_wconf 91' lang='lat' dir='ltr'>ancille</span> <span class='ocrx_word' id='word_1_264' title='bbox 894 3286 1059 3363; x_wconf 89' lang='lat' dir='ltr'>principum</span> <span class='ocrx_word' id='word_1_265' title='bbox 1080 3305 1229 3346; x_wconf 92' lang='lat' dir='ltr'>servorum</span> 
     </span>
     <span class='ocr_line' id='line_1_29' title="bbox 227 3390 1229 3471; baseline 0.002 -20"><span class='ocrx_word' id='word_1_266' title='bbox 227 3391 321 3465; x_wconf 89' lang='lat' dir='ltr'>Cristi,</span> <span class='ocrx_word' id='word_1_267' title='bbox 336 3393 386 3470; x_wconf 93' lang='lat' dir='ltr'>qui</span> <span class='ocrx_word' id='word_1_268' title='bbox 408 3402 476 3452; x_wconf 89' lang='lat' dir='ltr'>sunt</span> <span class='ocrx_word' id='word_1_269' title='bbox 490 3392 603 3452; x_wconf 91' lang='lat' dir='ltr'>domini</span> <span class='ocrx_word' id='word_1_270' title='bbox 622 3390 786 3471; x_wconf 87' lang='lat' dir='ltr'>seculares),</span> <span class='ocrx_word' id='word_1_271' title='bbox 803 3393 854 3452; x_wconf 90' lang='lat' dir='ltr'>sed</span> <span class='ocrx_word' id='word_1_272' title='bbox 869 3393 992 3450; x_wconf 92' lang='lat' dir='ltr'>omnino</span> <span class='ocrx_word' id='word_1_273' title='bbox 1013 3393 1082 3469; x_wconf 92' lang='lat' dir='ltr'>ipsis</span> <span class='ocrx_word' id='word_1_274' title='bbox 1103 3393 1229 3453; x_wconf 91' lang='lat' dir='ltr'>dominis</span> 
     </span>
     <span class='ocr_line' id='line_1_30' title="bbox 226 3497 1231 3571; baseline 0 -13"><span class='ocrx_word' id='word_1_275' title='bbox 226 3499 403 3559; x_wconf 91' lang='lat' dir='ltr'>secularibus</span> <span class='ocrx_word' id='word_1_276' title='bbox 423 3516 537 3559; x_wconf 89' lang='lat' dir='ltr'>summe</span> <span class='ocrx_word' id='word_1_277' title='bbox 555 3499 722 3558; x_wconf 89' lang='lat' dir='ltr'>seculariter</span> <span class='ocrx_word' id='word_1_278' title='bbox 741 3499 906 3571; x_wconf 88' lang='lat' dir='ltr'>dominari;</span> <span class='ocrx_word' id='word_1_279' title='bbox 928 3497 994 3556; x_wconf 92' lang='lat' dir='ltr'>ideo</span> <span class='ocrx_word' id='word_1_280' title='bbox 1017 3515 1078 3556; x_wconf 92' lang='lat' dir='ltr'>non</span> <span class='ocrx_word' id='word_1_281' title='bbox 1101 3498 1184 3558; x_wconf 93' lang='lat' dir='ltr'>decet</span> <span class='ocrx_word' id='word_1_282' title='bbox 1198 3509 1231 3558; x_wconf 95' lang='lat' dir='ltr'>ut</span> 
     </span>
     <span class='ocr_line' id='line_1_31' title="bbox 226 3604 1230 3681; baseline 0 -16"><span class='ocrx_word' id='word_1_283' title='bbox 226 3605 269 3665; x_wconf 88' lang='lat' dir='ltr'>eis</span> <span class='ocrx_word' id='word_1_284' title='bbox 282 3605 429 3678; x_wconf 89' lang='lat' dir='ltr'>obediant,</span> <span class='ocrx_word' id='word_1_285' title='bbox 443 3614 473 3665; x_wconf 92' lang='lat' dir='ltr'>et</span> <span class='ocrx_word' id='word_1_286' title='bbox 493 3606 535 3665; x_wconf 90' lang='lat' dir='ltr'>sic</span> <span class='ocrx_word' id='word_1_287' title='bbox 549 3605 659 3665; x_wconf 89' lang='lat' dir='ltr'>nedum</span> <span class='ocrx_word' id='word_1_288' title='bbox 673 3605 755 3664; x_wconf 92' lang='lat' dir='ltr'>obliti</span> <span class='ocrx_word' id='word_1_289' title='bbox 774 3613 842 3663; x_wconf 92' lang='lat' dir='ltr'>sunt</span> <span class='ocrx_word' id='word_1_290' title='bbox 855 3604 1067 3681; x_wconf 89' lang='lat' dir='ltr'>predicacionis</span> <span class='ocrx_word' id='word_1_291' title='bbox 1082 3608 1230 3665; x_wconf 89' lang='lat' dir='ltr'>armonice</span> 
     </span>
     <span class='ocr_line' id='line_1_32' title="bbox 186 3711 1230 3789; baseline 0.004 -22"><span class='ocrx_word' id='word_1_292' title='bbox 186 3712 355 3785; x_wconf 80' lang='lat' dir='ltr'>30citaredi,</span> <span class='ocrx_word' id='word_1_293' title='bbox 371 3712 421 3772; x_wconf 91' lang='lat' dir='ltr'>sed</span> <span class='ocrx_word' id='word_1_294' title='bbox 440 3722 469 3772; x_wconf 90' lang='lat' dir='ltr'>et</span> <span class='ocrx_word' id='word_1_295' title='bbox 488 3712 657 3787; x_wconf 87' lang='lat' dir='ltr'>particionis</span> <span class='ocrx_word' id='word_1_296' title='bbox 677 3711 797 3789; x_wconf 91' lang='lat' dir='ltr'>triplicis</span> <span class='ocrx_word' id='word_1_297' title='bbox 812 3712 847 3769; x_wconf 91' lang='lat' dir='ltr'>de</span> <span class='ocrx_word' id='word_1_298' title='bbox 867 3730 926 3788; x_wconf 87' lang='lat' dir='ltr'>qua</span> <span class='ocrx_word' id='word_1_299' title='bbox 940 3711 1044 3787; x_wconf 89' lang='lat' dir='ltr'>legitur</span> <span class='ocrx_word' id='word_1_300' title='bbox 1058 3712 1087 3770; x_wconf 91' lang='lat' dir='ltr'>in</span> <span class='ocrx_word' id='word_1_301' title='bbox 1101 3712 1230 3789; x_wconf 89' lang='lat' dir='ltr'>hystoria</span> 
     </span>
     <span class='ocr_line' id='line_1_33' title="bbox 226 3817 1229 3897; baseline 0 -20"><span class='ocrx_word' id='word_1_302' title='bbox 226 3819 276 3877; x_wconf 92' lang='lat' dir='ltr'>ubi</span> <span class='ocrx_word' id='word_1_303' title='bbox 290 3836 385 3896; x_wconf 86' lang='lat' dir='ltr'>supra,</span> <span class='ocrx_word' id='word_1_304' title='bbox 395 3818 436 3877; x_wconf 93' lang='lat' dir='ltr'>sic</span> <span class='ocrx_word' id='word_1_305' title='bbox 448 3817 527 3897; x_wconf 93' lang='lat' dir='ltr'>quod</span> <span class='ocrx_word' id='word_1_306' title='bbox 537 3818 715 3877; x_wconf 90' lang='lat' dir='ltr'>verificatum</span> <span class='ocrx_word' id='word_1_307' title='bbox 726 3827 769 3877; x_wconf 91' lang='lat' dir='ltr'>est</span> <span class='ocrx_word' id='word_1_308' title='bbox 780 3817 816 3877; x_wconf 93' lang='lat' dir='ltr'>de</span> <span class='ocrx_word' id='word_1_309' title='bbox 828 3819 934 3876; x_wconf 88' lang='lat' dir='ltr'>nostris</span> <span class='ocrx_word' id='word_1_310' title='bbox 945 3819 1014 3876; x_wconf 95' lang='lat' dir='ltr'>illud</span> <span class='ocrx_word' id='word_1_311' title='bbox 1026 3819 1229 3895; x_wconf 92' lang='lat' dir='ltr'>propheticum</span> 
     </span>
     <span class='ocr_line' id='line_1_34' title="bbox 225 3923 1419 4048; baseline 0.002 -65"><span class='ocrx_word' id='word_1_312' title='bbox 225 3923 294 3984; x_wconf 87' lang='lat' dir='ltr'>Yes.</span> <span class='ocrx_word' id='word_1_313' title='bbox 323 3934 357 4000; x_wconf 83' lang='lat'>3⁰</span> <span class='ocrx_word' id='word_1_314' title='bbox 384 3943 444 4002; x_wconf 91' lang='lat' dir='ltr'>quo</span> <span class='ocrx_word' id='word_1_315' title='bbox 473 3926 609 3985; x_wconf 91' lang='lat' dir='ltr'>dominus</span> <span class='ocrx_word' id='word_1_316' title='bbox 638 3926 679 3983; x_wconf 90' lang='lat' dir='ltr'>sic</span> <span class='ocrx_word' id='word_1_317' title='bbox 703 3925 814 3997; x_wconf 85' lang='lat' dir='ltr'>effatur,</span> <span class='ocrx_word' id='word_1_318' title='bbox 839 3923 923 3983; x_wconf 85' lang='lat' dir='ltr'>Dabo</span> <span class='ocrx_word' id='word_1_319' title='bbox 941 3927 1065 4001; x_wconf 79' lang='lat' dir='ltr'>pueros⁵</span> <span class='ocrx_word' id='word_1_320' title='bbox 1082 3929 1419 4048; x_wconf 44' lang='lat' dir='ltr'>p&#39;h&#39;cip‘sfff‘iiiffiffllyw</span> 
     </span>
    </p>
   </div>
   <div class='ocr_carea' id='block_1_12' title="bbox 224 4031 1439 4190">
    <p class='ocr_par' dir='ltr' id='par_1_18' title="bbox 224 4031 1439 4190">
     <span class='ocr_line' id='line_1_35' title="bbox 224 4031 1430 4149; baseline -0.001 -59"><span class='ocrx_word' id='word_1_321' title='bbox 224 4051 327 4104; x_wconf 86' lang='lat' dir='ltr'>eorum,</span> <span class='ocrx_word' id='word_1_322' title='bbox 355 4039 381 4089; x_wconf 83' lang='lat' dir='ltr'>ct</span> <span class='ocrx_word' id='word_1_323' title='bbox 406 4033 559 4110; x_wconf 69' lang='lat' dir='ltr'>ffmznao·</span> <span class='ocrx_word' id='word_1_324' title='bbox 582 4031 799 4090; x_wconf 75' lang='lat' dir='ltr'>dommobuntur</span> <span class='ocrx_word' id='word_1_325' title='bbox 825 4032 872 4089; x_wconf 79' lang='lat' dir='ltr'>eis.</span> <span class='ocrx_word' id='word_1_326' title='bbox 915 4032 1067 4108; x_wconf 90' lang='lat' dir='ltr'>Prepositi,</span> <span class='ocrx_word' id='word_1_327' title='bbox 1097 4033 1430 4149; x_wconf 52' lang='lat' dir='ltr'>inquam‚1sa13usspaspcpme</span> 
     </span>
     <span class='ocr_line' id='line_1_36' title="bbox 1237 4113 1439 4190; baseline 0.01 -51"><span class='ocrx_word' id='word_1_328' title='bbox 1237 4113 1280 4190; x_wconf 62' lang='lat' dir='ltr'>UFO</span> <span class='ocrx_word' id='word_1_329' title='bbox 1329 4113 1341 4138; x_wconf 73' lang='grc' dir='ltr'>θ</span> <span class='ocrx_word' id='word_1_330' title='bbox 1371 4113 1439 4141; x_wconf 70' lang='lat' dir='ltr'>rmce!</span> 
     </span>
    </p>
   </div>
   <div class='ocr_carea' id='block_1_13' title="bbox 225 4138 1412 4214">
    <p class='ocr_par' dir='ltr' id='par_1_19' title="bbox 225 4138 1412 4214">
     <span class='ocr_line' id='line_1_37' title="bbox 225 4138 1412 4214; baseline -0.006 -17"><span class='ocrx_word' id='word_1_331' title='bbox 225 4138 346 4198; x_wconf 91' lang='lat' dir='ltr'>ecclesie</span> <span class='ocrx_word' id='word_1_332' title='bbox 362 4147 429 4197; x_wconf 90' lang='lat' dir='ltr'>sunt</span> <span class='ocrx_word' id='word_1_333' title='bbox 442 4138 543 4214; x_wconf 82' lang='lat' dir='ltr'>pueri⁶</span> <span class='ocrx_word' id='word_1_334' title='bbox 556 4138 663 4198; x_wconf 89' lang='lat' dir='ltr'>noticia</span> <span class='ocrx_word' id='word_1_335' title='bbox 677 4147 706 4196; x_wconf 94' lang='lat' dir='ltr'>et</span> <span class='ocrx_word' id='word_1_336' title='bbox 721 4139 947 4198; x_wconf 89' lang='lat' dir='ltr'>conversacione</span> <span class='ocrx_word' id='word_1_337' title='bbox 967 4148 995 4197; x_wconf 96' lang='lat' dir='ltr'>et</span> <span class='ocrx_word' id='word_1_338' title='bbox 1016 4148 1115 4197; x_wconf 90' lang='lat' dir='ltr'>tamen</span> <span class='ocrx_word' id='word_1_339' title='bbox 1129 4140 1250 4198; x_wconf 82' lang='lat' dir='ltr'>vendi-0</span> <span class='ocrx_word' id='word_1_340' title='bbox 1268 4150 1305 4191; x_wconf 74' lang='lat' dir='ltr'>the</span> <span class='ocrx_word' id='word_1_341' title='bbox 1319 4149 1412 4193; x_wconf 70' lang='lat' dir='ltr'>eiures.</span> 
     </span>
    </p>
   </div>
   <div class='ocr_carea' id='block_1_14' title="bbox 225 4279 1227 4423">
    <p class='ocr_par' dir='ltr' id='par_1_20' title="bbox 225 4279 1227 4423">
     <span class='ocr_line' id='line_1_38' title="bbox 258 4279 1227 4348; baseline 0.004 -19"><span class='ocrx_word' id='word_1_342' title='bbox 258 4279 380 4331; x_wconf 87' lang='lat' dir='ltr'>¹honoris</span> <span class='ocrx_word' id='word_1_343' title='bbox 391 4281 508 4345; x_wconf 84' lang='lat' dir='ltr'>allegata,</span> <span class='ocrx_word' id='word_1_344' title='bbox 521 4295 547 4330; x_wconf 76' lang='grc' dir='ltr'>Α.</span> <span class='ocrx_word' id='word_1_345' title='bbox 614 4279 755 4339; x_wconf 60' lang='lat' dir='ltr'>‘Nicone</span> <span class='ocrx_word' id='word_1_346' title='bbox 824 4280 874 4343; x_wconf 78' lang='lat' dir='ltr'>³si,</span> <span class='ocrx_word' id='word_1_347' title='bbox 888 4297 934 4333; x_wconf 89' lang='lat' dir='ltr'>om.</span> <span class='ocrx_word' id='word_1_348' title='bbox 947 4294 972 4332; x_wconf 78' lang='lat' dir='ltr'>r..</span> <span class='ocrx_word' id='word_1_349' title='bbox 1040 4281 1188 4348; x_wconf 68' lang='lat' dir='ltr'>*superbet</span> <span class='ocrx_word' id='word_1_350' title='bbox 1201 4296 1227 4333; x_wconf 81' lang='grc' dir='ltr'>Α.</span> 
     </span>
     <span class='ocr_line' id='line_1_39' title="bbox 225 4356 571 4423; baseline -0.003 -16"><span class='ocrx_word' id='word_1_351' title='bbox 225 4356 376 4423; x_wconf 76' lang='lat' dir='ltr'>⁵puros,A.</span> <span class='ocrx_word' id='word_1_352' title='bbox 445 4357 571 4422; x_wconf 61' lang='lat' dir='ltr'>“purim</span> 
     </span>
    </p>
   </div>
   <div class='ocr_carea' id='block_1_15' title="bbox 702 4463 752 4522">
    <p class='ocr_par' dir='ltr' id='par_1_21' title="bbox 702 4463 752 4522">
     <span class='ocr_line' id='line_1_40' title="bbox 702 4463 752 4522; baseline 0 0"><span class='ocrx_word' id='word_1_353' title='bbox 702 4463 752 4522; x_wconf 61' lang='grc' dir='ltr'><strong>υ</strong></span> 
     </span>
    </p>
   </div>
   <div class='ocr_carea' id='block_1_16' title="bbox 0 0 1471 5046">
    <p class='ocr_par' dir='ltr' id='par_1_22' title="bbox 0 0 1471 5046">
     <span class='ocr_line' id='line_1_41' title="bbox 0 0 1471 5046; baseline 0 0"><span class='ocrx_word' id='word_1_354' title='bbox 0 0 1471 5046; x_wconf 95' lang='lat' dir='ltr'> </span> 
     </span>
    </p>
   </div>
  </div>
 </body>
</html>
