2828 5048
633 425 683 475 DE
706 425 854 476 OFFICIO
878 423 996 476 REGIS.

315 593 429 661 oportet
451 583 482 641 in
504 583 565 642 istis
589 583 737 642 attendere
766 583 837 660 quid
860 583 967 642 directe
995 583 1078 643 etin
1102 583 1207 641 maiori
1232 593 1319 660 parte

313 710 350 750 ex
379 690 455 748 facto
484 690 533 748 tali
562 690 684 767 contigit
709 701 738 748 et
766 691 880 749 attentis
908 690 1136 749 circumstanciis
1163 690 1222 755 iam
1250 708 1316 748 cur·

313 798 442 856 rentibus
463 797 649 872 probabiliter
670 796 773 856 melius
801 797 936 869 iudicare,
959 797 1039 855 aliter
1060 796 1139 855 enim
1161 814 1315 872 nunquam

313 914 430 982 propter
454 903 554 981 culpas
575 905 746 964 clericorum
767 905 886 963 fuissent
907 905 937 963 in
957 903 1192 980 possessionibus
1211 922 1314 962 eorum

313 1009 451 1070 monachi
472 1021 501 1069 et
522 1010 654 1070 canonici
675 1011 838 1070 introducti.
879 1010 1017 1069 Attendat
1038 1029 1109 1086 ergo
1129 1011 1170 1069 sic
1188 1027 1343 1086 arguens5

314 1119 338 1177 si
363 1119 458 1194 plures
486 1119 556 1177 boni
584 1130 715 1195 pastores
742 1119 772 1177 in
800 1120 1024 1195 comparacione
1048 1119 1086 1176 ad
1113 1129 1230 1194 tempus
1253 1119 1316 1176 sine

103 1236 278 1340 {ffifflffiffl
314 1225 498 1284 institucione
525 1225 599 1284 illius
628 1227 707 1286 curie
735 1236 945 1303 processemnt,
970 1226 1014 1284 vel
1041 1227 1064 1284 si
1089 1226 1159 1285 boni
1182 1235 1315 1302 pastores

314 1331 423 1390 habent
445 1350 528 1390 suam
545 1333 688 1391 iusticiam
709 1352 728 1392 a
749 1334 830 1392 scola
850 1333 924 1391 illius
946 1333 1023 1392 curie
1045 1343 1196 1409 tamquam
1213 1351 1267 1409 per
1285 1350 1315 1390 se

314 1435 428 1508 causa*
444 1438 489 1496 vel
504 1440 592 1498 tercio
607 1439 633 1497 si
646 1458 707 1498 non
724 1440 903 1498 manifestius
917 1439 1028 1498 malum
1046 1458 1082 1497 ex
1100 1439 1150 1497 illa
1170 1439 1312 1516 provenit.
1325 1451 1390 1498 ποι.

103 1562 153 1605 Tse
163 1565 246 1606 Roman
315 1544 490 1604 Conceditur
504 1555 601 1605 tamen
616 1547 696 1623 quod
710 1547 888 1606 honoranter
902 1546 1100 1605 obediendum
1115 1555 1158 1604 est
1171 1545 1213 1604 illi
1227 1546 1316 1618 curie,
1328 1566 1362 1602 ιο

104 1615 173 1656 Court
182 1615 200 1656 is
208 1624 232 1657 to
240 1615 267 1656 be

104 1665 222 1758 133?qu
232 1666 272 1708 but
313 1651 405 1710 eciam
425 1652 449 1710 si
466 1651 532 1711 lons
553 1652 600 1711 ille
615 1672 714 1712 versus
734 1653 836 1712 fuerit¹
851 1653 881 1710 in
903 1653 1065 1711 cisternam.
1109 1652 1167 1712 Sed
1188 1671 1251 1711 non
1272 1663 1318 1712 est

104 1765 268 1859 {fiugj‘ffih
314 1759 487 1835 occupanda
506 1778 557 1835 per
576 1779 678 1819 causas
695 1760 834 1837 prolanas
849 1760 887 1819 ad
906 1761 1127 1819 enervacionem
1147 1778 1315 1836 regnorum,

103 1868 291 1970 ξῇῗὲεῗιξξξὲξει
314 1885 371 1944 que
395 1885 481 1926 cause
504 1878 660 1943 potuerunt
682 1879 711 1927 et
733 1867 871 1927 deberent
894 1867 967 1927 infra
992 1886 1083 1944 regna
1107 1867 1318 1943 expediencius

103 1933 267 2071 ffirssfflrr.
313 1973 469 2033 terminari.
526 1973 557 2031 Si
589 1985 687 2033 autem
716 1975 794 2033 iuvat
825 1976 856 2033 in
888 1974 951 2033 aliis
983 1975 1078 2033 causis
1107 1972 1193 2052 plus²
1216 1975 1317 2033 arduis

104 2069 240 2112 ΜΝ
314 2092 359 2140 est
384 2080 538 2139 laudanda.
590 2081 654 2141 Nec
682 2081 757 2141 valet
785 2082 872 2141 tercia
900 2082 983 2141 ficcio
1012 2100 1070 2158 qua
1097 2081 1202 2140 dicitur
1232 2083 1315 2158 quod
1329 2094 1361 2148 15

314 2187 441 2264 theologi
456 2188 634 2266 quandoque
653 2190 718 2266 plus
737 2189 839 2248 ceteris
861 2189 1028 2248 discolisant
1048 2207 1116 2248 cum
1137 2207 1205 2265 sepe
1220 2188 1318 2247 clerici

104 2297 230 2338 Tharsome
314 2295 442 2372 promoti
472 2314 523 2372 per
550 2315 634 2371 reges
662 2307 730 2355 sunt
757 2296 818 2356 eis⁸
846 2297 987 2354 meliores.
1042 2294 1113 2354 Non
1141 2313 1212 2372 ergo
1241 2296 1319 2354 valet

105 2347 177 2390 theolo
193 2347 239 2390 'aus

104 2362 268 2441 msmdmdss
314 2403 434 2462 limitare
457 2404 664 2479 promociones
682 2403 849 2463 huiusmodi
863 2403 902 2462 ad
916 2404 1010 2462 solum
1026 2402 1190 2480 theologos.
1232 2401 1318 2462 Patet

104 2449 299 2594 {iifl-&32²2
314 2508 395 2586 quod
409 2509 433 2568 si
447 2508 596 2568 evidencia
610 2511 664 2569 ista
677 2519 815 2581 moveret,
829 2528 991 2587 numquam
1012 2519 1223 2586 preponeretur
1240 2527 1318 2568 unus

104 2601 214 2653 “pm
314 2625 404 2675 status
422 2616 512 2690 alteri,
535 2634 571 2675 eo
596 2617 677 2694 quod
702 2617 738 2675 de
761 2627 837 2676 statu
857 2617 951 2676 altiori
973 2617 1151 2694 quandoque
1171 2617 1364 2692 contingitis

314 2724 382 2783 oriri
406 2733 563 2800 apostotos
605 2722 716 2783 Ymmo
741 2724 778 2784 de
804 2734 879 2782 statu
907 2724 999 2782 altiori
1022 2723 1151 2794 vertibili,
1175 2724 1249 2781 sicut
1274 2723 1319 2782 eis

315 2831 457 2890 stantibus
470 2830 555 2890 suerit
569 2831 633 2908 plus
647 2832 763 2903 strenui,
776 2831 817 2890 sic
831 2831 915 2889 fuerit
929 2831 971 2889 eis
986 2829 1229 2906 degenerantibus
1250 2829 1323 2907 plus
1382 2828 1384 2833 ’

314 2937 448 3014 perversi.
504 2937 575 2996 Non
609 2947 707 2996 tamen
741 2949 896 3014 propterea
931 2937 1016 2995 debet
1051 2937 1189 3014 postponi
1223 2944 1321 2996 status

314 3044 449 3102 humilior
476 3044 513 3102 ad
542 3045 710 3120 regendum.
751 3044 790 3103 Et
815 3045 856 3103 sic
884 3045 1016 3103 concedo
1041 3043 1122 3121 quod
1147 3043 1183 3103 de
1206 3044 1320 3104 clericis

315 3152 392 3228 regis
414 3152 556 3228 contingit
579 3170 642 3211 esse
663 3152 777 3230 pugiles
797 3153 940 3228 gloriosos
961 3152 1034 3210 sicut
1055 3161 1134 3227 patet
1155 3151 1192 3209 de
1213 3163 1364 3222 sanct025

104 3258 247 3301 Thetatrhtut
317 3258 444 3318 Thoma.
488 3257 546 3317 Sed
570 3268 651 3319 notet
669 3260 761 3318 fidelis
780 3261 859 3338 quod
880 3278 940 3318 non
964 3278 1054 3336 penes
1075 3258 1318 3336 multiplicitatem
1328 3272 1361 3318 1..

105 3318 162 3351 must
170 3319 220 3352 note
229 3310 277 3352 that

105 3360 258 3462 {¹333}ng
316 3365 518 3442 temporalium
540 3367 585 3424 vel
604 3367 825 3443 prosperitatem
844 3368 1034 3438 mundanam,
1050 3367 1100 3426 sed
1121 3385 1213 3443 penes
1233 3365 1318 3424 edifi-

104 3461 282 3555 {ffifeffiff
317 3474 466 3533 cacionem
495 3473 671 3548 spiritualem
699 3475 896 3533 convertendo
924 3475 1054 3534 subditos
1082 3493 1100 3532 a
1127 3473 1254 3550 peccatis
1278 3493 1319 3533 ex

106 3563 298 3666 ᾓῑξξῖξοῃῗξῖῗξ
316 3580 448 3640 doctrina
461 3579 532 3657 legis
544 3581 638 3653 Cristi,
651 3591 797 3640 mensuret
811 3582 949 3658 prepositi
960 3581 1142 3658 probitatem,
1154 3580 1236 3657 quod
1247 3599 1322 3658 sepe

106 3665 280 3718 anctoreigners
316 3688 410 3746 evenit
429 3687 465 3746 de
483 3688 629 3763 indigenis
651 3688 744 3746 eciam
765 3689 878 3764 ydiotis,
901 3698 930 3747 et
949 3707 1019 3765 sepe
1041 3688 1077 3747 de
1097 3688 1268 3764 alienigenis
1286 3699 1321 3747 ut
1330 3706 1364 3755 30

315 3804 395 3872 patet
412 3793 447 3853 de
459 3794 622 3854 Anshelmo
636 3805 664 3853 et
680 3795 809 3871 Hugone
824 3806 853 3854 et
870 3797 981 3857 ceteris.
1015 3797 1054 3854 Et
1068 3797 1134 3855 ideo
1149 3807 1194 3855 est
1208 3796 1323 3854 licitum

316 3911 401 3978 atque
426 3901 584 3977 expediens
607 3903 768 3961 secundum
791 3904 989 3963 intencionem
1008 3915 1117 3963 rectam
1140 3913 1227 3980 atque
1249 3922 1323 3979 pro-

316 4008 442 4066 babilem
469 4008 621 4066 alternare.
675 4008 755 4068 Ymo
780 4020 811 4069 ut
835 4012 924 4071 credo
952 4011 1024 4071 deus
1054 4013 1121 4071 ideo
1151 4020 1212 4070 tam
1241 4012 1324 4071 varie

316 4115 445 4192 disponit
459 4115 623 4191 prepositos
644 4125 676 4174 ut
697 4135 911 4192 cognoscamus
924 4137 986 4177 non
1003 4138 1040 4178 ex
1061 4129 1152 4177 status
1169 4119 1324 4194 dignitate,

351 4261 358 4290 ¹
376 4261 448 4312 suerit
464 4278 556 4324 versus,
573 4274 597 4311 Β.
645 4260 656 4290 ²
672 4279 745 4328 quam
752 4271 809 4327 post
820 4265 885 4330 plus,
896 4266 954 4317 add.
966 4278 1001 4327 tt;
1018 4281 1094 4331 quam
1109 4266 1286 4329 cancellatum,
1299 4279 1326 4318 Β.

318 4339 327 4368 ³
345 4339 409 4402 aliis,
422 4354 456 4400 A3
473 4341 517 4402 eis,
529 4344 559 4389 in
572 4356 651 4405 marg.
663 4342 756 4402 ceteris,
769 4355 792 4392 Β.
