2828 5048
94 449 154 515 228
614 465 663 513 nu
687 465 835 516 orrrcio
859 465 976 515 nnius.

301 622 386 680 candi
401 641 461 681 non
475 623 594 681 includit
609 623 768 699 periculum
782 624 832 681 ubi
853 622 1091 682 excomunicacio
1111 614 1387 696 improvida*4'1b.

91 744 259 805 ndenyuinelx-
277 794 282 805 ‚
303 728 391 786 officit
413 747 560 805 quaquam
589 747 710 786 versum.
759 728 845 787 Unde
877 728 933 801 24¹
955 748 983 805 q.
1012 729 1047 784 iii.
1081 726 1231 784 decretum
1260 723 1408 785 sicDecret.

90 805 294 837 communicationis
1315 812 1390 848 χχιιι,
1403 807 1414 853 q

89 845 264 985 {diddiffdssn'
303 835 445 909 loquitur:
471 834 561 893 ‘Curi
583 837 686 910 alipui's
706 837 769 894 exit
788 855 805 892 o
827 837 950 905 veritate,
969 855 987 892 o
1008 836 1106 890 timore
1126 833 1180 902 dei,
1198 851 1217 888 a
1230 829 1340 906 fide,

1313 880 1349 914 ιιι.
1361 882 1382 915 c.
1394 875 1412 928 7.

106 945 191 995 ingdom
202 946 254 986 tuan
302 959 321 997 a
335 943 460 1011 eorc'tote,
473 943 536 999 exit
548 943 579 997 de
593 944 695 998 castris
708 943 821 1011 ecclesie,
834 943 887 998 etsi
890 951 946 1017 per
959 942 1077 1017 episcopi
1085 957 1174 997 vocem
1189 936 1304 994 minime

89 995 207 1038 mm
300 1047 463 1115 abi'ci'aticr,·
485 1050 557 1104 sicut
582 1067 595 1104 e
618 1066 753 1118 converso,
783 1049 888 1123 aliquis
911 1067 965 1104 non
994 1054 1065 1104 recto
1093 1047 1196 1102 indicio
1209 1045 1326 1121 foras5

299 1154 426 1222 mittitur,
441 1154 490 1209 sed
504 1154 533 1209 si
548 1159 610 1209 onte
624 1171 678 1210 non
692 1155 780 1228 egerit
797 1161 830 1210 ut
842 1160 961 1210 meretur
975 1155 1063 1224 exire,
1079 1151 1170 1208 nichil
1186 1151 1299 1207 leditur.

300 1258 380 1330 Quid
402 1259 489 1334 igitur
513 1260 629 1318 obesset
654 1259 804 1317 hominem
826 1278 887 1318 non
909 1258 1128 1317 excomunicari
1149 1275 1201 1333 per
1223 1255 1301 1332 epis-

301 1384 409 1440 copum
431 1375 498 1423 ante
519 1365 730 1443 probationem
756 1383 844 1423 cause
869 1374 937 1423 ante
963 1363 1108 1440 synodum
1137 1372 1165 1421 et
1194 1361 1301 1437 parlia-

300 1482 432 1529 mentum
447 1489 515 1529 cum
530 1472 587 1530 vita
606 1490 659 1530 sna
678 1471 803 1530 ostendit
817 1472 984 1530 evidencius
998 1471 1094 1546 ipsum
1109 1487 1172 1528 esse
1186 1468 1300 1525 malum

301 1596 319 1635 a
339 1577 450 1653 populo
473 1575 663 1653 fugiendum?
706 1577 741 1634 In
765 1577 1044 1636 excomunicacione
1068 1592 1138 1634 vero
1162 1574 1343 1650 precipitem

300 1684 442 1758 contingit
457 1702 548 1760 regno
560 1686 653 1742 maius
663 1684 833 1760 periculum.
871 1683 958 1742 Unde
973 1682 1076 1740 eadem
1091 1681 1245 1758 questione
1261 1680 1302 1738 sic

300 1790 451 1861 scribitur;
473 1788 541 1848 Non
564 1793 593 1847 in
611 1797 773 1867 perpetuum
797 1793 994 1866 dampnemur,
1017 1808 1079 1846 curii
1103 1791 1203 1845 iniicste
1227 1787 1398 1848 iudilbidc.

299 1915 407 1965 camur,
423 1897 523 1952 dicente
535 1898 685 1971 psalmisto
695 1918 708 1966 ;
731 1896 809 1955 ‘Nec
827 1895 990 1971 dampnabit
1007 1897 1095 1966 i'llurn,
1110 1914 1171 1951 ciem
1191 1896 1302 1952 iudica-

300 2002 377 2058 bitur
408 1998 448 2057 ei.'
490 2000 587 2058 Multi
612 2004 781 2059 sacerdotum
812 2005 921 2078 culpam
949 1998 1024 2060 zelo²
1051 2003 1098 2058 dei
1115 2002 1251 2075 persequi
1274 2020 1302 2058 se

294 2108 465 2183 profitentur
473 2128 486 2174 ,·
509 2109 562 2175 sed,
578 2109 642 2164 diem
664 2110 808 2166 indiscrete
828 2109 878 2166 icoc
898 2109 1004 2183 agitur,
1021 2108 1169 2182 sacrilegii
1173 2108 1303 2182 focinus
1314 2123 1341 2173 15

302 2215 454 2270 incurrunt
470 2221 496 2270 et
514 2215 580 2270 durii
590 2217 739 2289 precipites
753 2217 839 2289 quasi
850 2216 890 2271 ad
900 2215 1097 2271 emendandum
1113 2220 1210 2284 ruunt,
1225 2213 1301 2289 ipsi³

300 2337 405 2395 quoquc
423 2320 507 2376 multo
527 2322 620 2394 noges
642 2322 758 2377 deterius
780 2321 891 2377 rodunt.
933 2320 979 2378 Ex
1002 2320 1062 2377 istis
1085 2318 1198 2376 videtur
1220 2317 1302 2396 quod

300 2424 436 2500 possibile
452 2424 487 2481 sit
501 2425 774 2484 excomunicantem
790 2444 827 2483 ex
839 2426 850 2457 ⁴
864 2425 1032 2500 ignorancia
1046 2425 1113 2482 artis
1127 2424 1302 2482 excomuni-

301 2529 386 2588 candi
409 2548 440 2589 se
461 2530 557 2606 ipsum
579 2530 702 2600 inficere,
719 2540 747 2589 et
768 2531 809 2589 sic
830 2531 979 2589 maculare
1001 2547 1086 2588 suum
1106 2529 1302 2587 ministerium

300 2635 332 2692 in
356 2635 537 2695 conferendo
559 2636 735 2712 episcopalia
758 2645 948 2707 sacramenta,
970 2653 1038 2693 cum
1062 2634 1342 2694 excomunicatusro

301 2741 337 2800 sit
365 2750 436 2816 aput
464 2741 553 2798 deum
577 2741 723 2799 infinitum
749 2743 864 2818 gravius
888 2760 976 2818 quam
1001 2742 1036 2800 sit
1060 2740 1302 2799 excomunicacio

301 2847 439 2905 humana.
481 2845 521 2904 Et
541 2847 659 2923 insuper
687 2866 738 2905 rex
760 2848 938 2906 auctorisans
959 2864 1067 2924 penam
1088 2842 1304 2904 excomunicati

302 2952 415 3023 iniuste,
431 2952 505 3010 sicut
519 2954 649 3011 minister
662 2954 756 3030 ipsam
771 2954 937 3030 exequens⁶
953 2952 1004 3012 sed
1018 2962 1047 3010 et
1060 2961 1156 3010 totum
1177 2969 1303 3028 regnum

301 3057 427 3115 tacendo
450 3059 649 3129 consenciens,
667 3059 779 3118 fedatur
801 3060 903 3118 eadem
924 3059 1046 3129 macula,
1067 3067 1096 3116 et
1116 3058 1158 3116 sic
1179 3059 1231 3116 ubi
1252 3062 1304 3117 rex

301 3162 473 3237 gloriaretur
490 3163 521 3220 in
540 3163 681 3239 regimine
698 3163 786 3223 *veri
807 3165 907 3241 populi
927 3164 1039 3240 copiosi
1060 3163 1149 3222 habet
1166 3162 1304 3238 ‘paucum
1313 3174 1409 3229 dolosi

302 3269 444 3344 populum
462 3268 508 3327 dei
528 3270 583 3327 sub
605 3289 658 3328 suo
678 3271 818 3347 regimine
837 3280 866 3330 et
883 3270 997 3347 plurem
1016 3281 1143 3327 turmam
1164 3269 1304 3346 principis

301 3376 484 3433 tenebrarum
500 3395 536 3434 ex
551 3376 658 3435 ducatu
672 3376 807 3453 luporum
825 3377 982 3453 rapacium.
1024 3375 1072 3434 Ad
1092 3393 1192 3450 regem
1206 3373 1305 3453 itaque

93 3491 151 3533 Ona
164 3487 294 3548 declaration
302 3481 425 3557 pertinet
446 3480 483 3538 de
503 3482 607 3539 talibus
628 3480 762 3558 periculis
783 3500 944 3558 precavere.
986 3480 1144 3539 Declarato
1165 3478 1254 3556 igitur
1275 3481 1347 3538 inu·

92 3541 122 3591 by
131 3540 260 3580 Parliament

92 3589 270 3650 cudthesymd»
303 3588 466 3646 coniunctis
487 3587 680 3663 parliamento
701 3598 730 3646 et
750 3588 863 3665 synodo
881 3587 961 3665 quod
978 3604 1153 3665 quecunque
1168 3605 1306 3664 persona,

92 3650 167 3691 sitting
175 3639 280 3690 together,

93 3689 278 3791 {fflssggffis
303 3706 331 3753 et
357 3695 494 3771 precipue
516 3703 616 3769 pastor
641 3694 716 3765 cleri,
743 3695 780 3752 sit
802 3694 1025 3752 excomunicata
1049 3692 1211 3770 specialiter
1233 3702 1306 3771 aput
1315 3697 1343 3746 30

60 3862 63 3867 ,
92 3790 281 3931 ξξξίζζέξξξξζξθ’
305 3801 401 3869 deum,
417 3811 460 3858 est
484 3800 645 3857 remedium
665 3800 778 3876 penalis
799 3800 993 3859 coneccionis
1013 3817 1065 3875 per
1086 3816 1220 3874 regnum,
1234 3817 1305 3875 pro-

92 3900 170 3984 352ss
186 3890 237 3932 ΟΜ
304 3906 507 3983 porcionaliter
536 3907 573 3963 ad
603 3905 729 3981 culpam,
758 3905 886 3963 celeriter
914 3905 1131 3980 apponendum,
1161 3914 1195 3963 Ut
1222 3903 1305 3982 (cum

304 4014 400 4073 omnis
428 4012 492 4070 talis
517 4011 554 4069 de
579 4011 657 4069 facto
686 4012 743 4069 sit⁶
767 4009 922 4089 hereticus)
945 4011 1062 4087 punicio
1089 4028 1179 4087 quam
1205 4011 1306 4071 laudat

337 4266 441 4326 ιαμ,
519 4261 608 4321 ²ce10,
621 4273 647 4312 Α.
724 4262 853 4326 ”ipsein
931 4261 1093 4322 ⁴ex,om.n.
1172 4261 1306 4312 'ministri

303 4343 384 4408 ipsam
396 4349 548 4407 exequentes,
561 4353 585 4391 Α.
671 4341 682 4370 ⁶
699 4341 731 4391 sit
745 4341 776 4391 de
788 4339 862 4400 facto,
873 4339 925 4391 ord
938 4340 991 4390 ino.
1005 4351 1029 4390 Β.
