2828 5048
67 399 129 472 250
592 401 641 456 nr
663 403 809 459 orrrcro
833 403 951 460 naurs.

65 555 434 676 ἱιὲιῐξέἰοῃτὲιἴοηὲιῃὲκἱΗςιιταῐιπῙ
456 560 535 622 racio
563 580 653 640 quare
678 563 787 641 Anglia
814 579 883 624 cum
905 561 1009 623 ceteris
1033 561 1130 640 regnis
1154 560 1283 621 racionis

246 647 254 658 ¹
261 652 267 677 l

66 673 124 716 aaa.
260 667 434 741 {consimilis
456 667 639 728 descendunt
662 688 681 729 a
703 687 826 730 romano
847 669 988 746 imperio;
1009 668 1104 745 prima
1127 667 1199 744 quia
1220 684 1284 726 non

66 746 265 852 kfflfflssff'
275 772 343 831 vivit
359 773 555 849 imperialiter,
574 775 648 834 sicut
666 775 760 834 debet.
801 775 874 835 Ideo
893 773 1002 851 Anglia
1022 791 1084 833 non
1103 773 1191 833 debet
1210 772 1283 833 false

247 804 393 939 lobedire
405 878 459 937 sibi
467 890 609 957 tanquam
617 880 751 958 imperio,
766 880 852 940 stulte
867 879 1011 958 siquidem
1023 890 1051 939 et
1061 880 1166 939 iniuste
1177 888 1283 938 contra

274 985 445 1062 religionem
468 1002 558 1061 quam
575 986 688 1045 Cristus
710 986 832 1046 instituit
854 987 962 1046 dotavit
987 1003 1073 1045 suum
1096 986 1278 1062 episcopum,
1290 1007 1305 1060 5

273 1101 302 1149 et
316 1100 383 1168 post
397 1090 526 1169 permisit
546 1092 709 1151 vecorditer
730 1093 840 1152 clerum
850 1109 973 1169 puerum
983 1088 1042 1151 et*
1060 1090 1402 1153 effeminatum²1¹otltt

272 1197 353 1256 iuxta
360 1196 527 1256 vaticinium
538 1195 627 1256 Ysaie
636 1215 777 1275 usurpare
788 1215 873 1275 super
887 1200 984 1274 ipsum
998 1197 1171 1257 dominium.
1189 1195 1283 1269 Quod

273 1320 397 1379 regnum
416 1321 488 1379 ergo
506 1303 650 1362 sufficiens
671 1303 709 1362 ad
726 1303 920 1364 resistendum
941 1303 1015 1362 foret
1037 1303 1203 1362 subiectum
1225 1303 1281 1360 im-
1305 1322 1311 1395 ι

64 1417 140 1512 3133?
147 1416 266 1509 iiiiii}
274 1409 356 1485 perio
373 1418 434 1467 tam
452 1407 670 1468 misera*biliter
688 1410 854 1486 captivato?
887 1409 1023 1469 Secunda
1042 1426 1131 1468 causa
1150 1418 1194 1468 est
1211 1398 1361 1576 quian.

65 1530 88 1562 to
97 1522 184 1568 destror
196 1520 240 1560 and
274 1515 431 1591 imperator
450 1514 575 1574 nedum⁸
589 1515 726 1592 permittit
745 1534 814 1575 suos
831 1524 963 1591 satrapas
981 1513 1106 1592 spoliare
1126 1514 1280 1591 proprium
1316 1561 1323 1575 .

64 1584 116 1612 rava
131 1584 143 1610 e
152 1582 204 1609 even
214 1570 249 1610 be·

64 1618 265 1730 {pgisssr‘offluffl
274 1631 303 1680 et
313 1621 460 1697 peculiare
475 1620 537 1679 eius
551 1620 722 1692 dominium,
734 1622 771 1681 de
786 1639 846 1698 quo
860 1631 975 1698 oportet
989 1639 1057 1680 eum
1069 1638 1131 1679 non
1142 1621 1281 1680 obstante

64 1722 181 1765 <¹⁰¹¹¹¹¹¹¹0¹¹·
274 1726 438 1786 donacione
468 1744 645 1804 quacunque
673 1727 780 1787 habere
808 1727 932 1805 capitale
964 1726 1137 1798 dominium,
1166 1725 1220 1785 sed
1252 1736 1282 1786 et

273 1833 412 1910 permittit
425 1832 509 1908 lupos
524 1850 593 1892 suos
607 1833 716 1892 ebulire
733 1833 772 1893 ad
792 1833 901 1893 insulas
915 1841 945 1893 et
958 1841 1049 1892 terras
1062 1842 1177 1892 exteras
1201 1833 1282 1891 bona

273 1949 303 1999 et
321 1956 462 2015 personas
480 1938 669 1998 simulacione
688 1940 815 1998 maxime
836 1939 997 2017 proditoria
1014 1938 1162 2015 rapiendo.
1204 1937 1283 2010 Quis

273 2046 360 2119 igitur
387 2054 493 2121 potens
516 2053 545 2104 et
570 2044 732 2122 dampnum
756 2046 947 2105 considerans
971 2063 1033 2106 non
1057 2045 1203 2104 resisteret
1230 2044 1281 2103 tali
1292 2061 1322 2114 15

275 2152 406 2228 imperio,
429 2168 497 2211 curn
519 2150 587 2210 loco
611 2151 760 2228 regiminis
784 2152 942 2228 imperialis
964 2151 1093 2211 succedit
1114 2168 1282 2211 concensus

66 2269 227 2322 Inconststency
236 2270 261 2313 or
274 2258 375 2334 rapine
389 2257 556 2317 infernalis?
599 2256 687 2316 Unde
700 2257 812 2317 videtur
826 2258 935 2317 nostris
949 2257 1031 2335 quod
1045 2275 1124 2334 papa
1139 2257 1176 2316 sit
1190 2257 1282 2317 nimis

64 2321 258 2414 lliepffitieagiiss
276 2373 411 2443 acceptor
424 2381 628 2440 personarum,
643 2364 862 2425 excomunicari
881 2363 1026 2423 mandans
1046 2363 1162 2441 eosqui
1178 2362 1283 2440 legunt

65 2421 242 2525 tillim?
273 2470 318 2529 ver
332 2470 452 2529 audiunt
466 2469 558 2529 avirra
572 2469 635 2528 rura
648 2469 782 2542 Parisius,
798 2480 828 2530 et
841 2470 871 2528 nr
885 2469 994 2546 angra
1013 2470 1064 2528 uu
1083 2468 1161 2529 foret·
1177 2469 1283 2545 pocior

273 2578 352 2637 racio
371 2576 544 2653 prohibendi
566 2577 722 2636 auctorisat
742 2576 788 2636 vel
808 2577 952 2636 consentit
973 2576 1120 2653 episcopis
1144 2575 1196 2652 qui
1216 2575 1324 2635 eius20

274 2684 458 2744 audicionem
485 2683 642 2742 licenciant
669 2692 699 2743 et
726 2682 881 2760 adaugent.
926 2682 984 2742 Sed
1012 2700 1080 2742 cum
1102 2682 1282 2759 principium

274 2790 341 2848 fidei
369 2790 405 2849 sit
436 2789 517 2865 quod
544 2789 676 2865 precise⁴
704 2789 741 2848 de
769 2799 851 2851 tanto
879 2789 945 2867 quis
973 2789 1214 2849 excomunicatur
1241 2787 1282 2847 de

275 2905 386 2973 quanto
415 2906 459 2954 est
483 2894 656 2954 inobediens
678 2895 798 2969 radoni,
821 2897 1007 2956 manifestum
1031 2905 1076 2954 est
1098 2893 1180 2971 quod
1204 2894 1282 2953 sicut

275 3001 401 3060 Parisius
436 3002 696 3060 excomunicantur
730 3002 825 3061 clerici
865 3002 902 3062 de
937 3002 1113 3078 patrimonio
1150 3000 1282 3059 viventes

274 3107 424 3166 audientes
449 3106 510 3166 iura
538 3106 638 3178 civilia,
662 3107 703 3166 sic
731 3109 990 3167 excomunicantur
1016 3109 1047 3166 in
1070 3107 1179 3183 Anglia
1208 3115 1281 3184 aput
1291 3125 1323 3177 ²5

274 3213 372 3272 deum.
416 3211 455 3270 Et
482 3213 523 3272 sic
552 3221 667 3290 oportet
695 3214 791 3274 dicere
820 3214 901 3292 quod
928 3214 973 3274 vel
1001 3214 1033 3272 in
1060 3213 1184 3272 Francia
1212 3213 1283 3272 civi·

273 3319 337 3378 liste
371 3319 631 3378 excomunicantur
663 3320 774 3393 iniuste,
810 3320 855 3379 vel
894 3320 975 3396 quod
1009 3319 1141 3395 episcopi
1171 3318 1284 3395 Anglie

273 3425 470 3501 approbantes
497 3425 737 3486 excomunicatos
764 3426 802 3486 de
830 3426 909 3486 facto
937 3445 969 3486 se
993 3425 1074 3502 ipsos
1102 3435 1130 3485 et
1153 3442 1284 3501 regnum

272 3531 441 3591 intoxicant.
501 3533 538 3591 In
565 3532 637 3592 tales
664 3533 868 3610 perplexitates
902 3533 1084 3593 involvuntur
1110 3549 1164 3608 per
1199 3531 1284 3609 leges

260 3638 424 3717 [neligiosi
446 3638 603 3698 sacerdotis
625 3641 742 3700 cesarei.
784 3639 946 3712 Quomodo
959 3658 1031 3716 ergo
1044 3638 1209 3698 faveremus
1226 3655 1283 3699 suo
1293 3653 1328 3704 G.

66 3774 84 3815 3.
96 3720 271 3821 aagendam}
294 3746 406 3804 ominio
426 3745 483 3805 hoc
503 3746 621 3821 agenti?
662 3746 770 3807 Tereia
786 3765 875 3807 causa
896 3747 991 3823 magis
1008 3745 1128 3823 politica
1141 3755 1186 3805 est
1204 3746 1281 3807 ista:

66 3822 146 3854 remote
155 3813 208 3853 t'rom
216 3812 277 3869 the}¹

66 3870 112 3906 seat
120 3861 271 3929 oramate-3
295 3850 438 3910 ominium
452 3870 538 3929 super
548 3870 640 3929 regna
650 3870 710 3912 non
722 3863 765 3912 est
775 3853 937 3929 legitimum
948 3852 1003 3911 nisi
1016 3859 1136 3929 propter
1145 3851 1284 3928 regimen

260 3930 274 4037 ἲ·
312 3957 515 4035 rrespondens,
544 3958 595 4017 sed
622 3959 723 4030 insule,
752 3959 916 4019 cuiusmodi
944 3967 987 4018 est
1014 3957 1130 4035 Anglia,
1158 3968 1284 4035 propter

264 4056 271 4082 ²
296 4064 419 4124 'fficilem
434 4064 604 4125 distanciam
619 4085 636 4124 a
650 4066 746 4142 regnis
760 4066 976 4125 mediterraneis
992 4082 1053 4124 non
1068 4073 1136 4122 sunt
1148 4064 1187 4123 de
1202 4065 1284 4127 sacili

307 4212 451 4277 ¹signatur‚
464 4224 487 4261 n.
563 4210 766 4271 'effeminatia
845 4215 932 4265 ³corr⁸
946 4213 1012 4263 Edd.
1020 4213 1198 4278 pronondum,
1212 4228 1237 4274 Α,
1255 4227 1281 4265 Β.

274 4287 283 4316 ¹
300 4287 431 4351 praecipue
442 4294 491 4350 pra
502 4287 619 4352 praecise,
632 4299 655 4336 u.
