2828 5048
64 415 107 482 32
592 408 641 457 DE
665 407 811 458 OFFICIO
836 407 953 458 REGIS.

64 581 238 674 mmm-s
278 565 334 625 alia
348 565 431 642 signa
450 565 610 641 corporalia
624 585 684 625 non
700 577 766 625 sunt
781 567 839 624 veri
859 566 994 638 honores,
1011 564 1076 624 licet
1092 564 1121 623 in
1136 582 1207 624 casu
1222 563 1279 623 sint

65 683 148 776 {3333
156 684 266 774 {ffiff‘u‘
277 673 360 747 signa
383 671 502 730 honoris
527 692 578 749 per
597 673 740 731 accidens.
782 672 874 743 Patet,
899 672 987 731 sicut¹
1012 672 1132 730 materia
1156 671 1279 730 honoris

276 779 363 837 estin
380 779 460 836 omni
474 797 598 855 persona
613 796 687 854 eque
702 779 864 838 honorabili
879 778 1041 849 uniformis,
1057 778 1108 837 sed
1122 779 1178 836 ista
1192 778 1278 854 signa

276 884 427 955 variantur,
447 886 556 944 nedum
573 886 603 943 in
624 885 743 943 diversis
764 884 928 944 climatibus
950 884 1002 942 sed
1023 885 1053 941 in
1074 883 1178 943 eadem
1200 893 1278 942 terra

275 1009 329 1067 pro
344 991 463 1050 diversis
480 992 666 1067 temporibus,
680 1009 781 1067 ymmo
803 1002 832 1050 et
851 992 944 1050 eidem
966 1010 1089 1067 persone
1111 991 1302 1059 honorabili5

68 1100 110 1142 For
118 1098 177 1140 nese
186 1107 232 1140 01¹²·
275 1098 435 1155 secundum
471 1097 594 1156 eandem
629 1099 779 1156 racionem
814 1097 934 1156 honoris
968 1098 1041 1155 fiunt
1076 1098 1161 1156 simul
1192 1097 1278 1156 valde

66 1152 124 1192 ward
131 1151 201 1190 marks
210 1150 265 1191 have

66 1200 243 1302 didimi&
276 1203 400 1279 disparia
415 1222 432 1261 a
446 1203 572 1272 diversis,
588 1204 669 1279 quod
688 1223 749 1263 non
763 1204 836 1262 foret
855 1222 1019 1263 consonum
1035 1204 1058 1263 si
1074 1204 1158 1280 signa
1175 1204 1275 1262 huius·

66 1301 267 1402 fflflfflisslgff
276 1307 373 1368 modi²
400 1310 457 1368 sint
485 1309 619 1370 honores.
670 1310 752 1386 Ergo
779 1311 928 1369 conclusio
955 1312 1052 1370 minor
1086 1311 1197 1368 videtur
1225 1314 1342 1387 per80·

67 1402 255 1494 fflcffissffi
277 1415 342 1488 hoc,
368 1415 447 1493 quod
472 1417 569 1474 omnis
597 1426 690 1475 rectus
718 1417 813 1475 honor
841 1416 927 1475 debet
953 1435 1017 1475 esse
1045 1417 1278 1492 proporcionalis

67 1503 257 1596 ffihffiss'lh
277 1521 458 1580 honorando.
487 1522 572 1591 Item,
587 1532 728 1599 quantum
743 1523 780 1581 ad
795 1523 879 1598 signa
893 1523 1068 1594 huiusmodi,
1083 1532 1143 1580 tam
1157 1523 1234 1581 varie
1249 1532 1322 1583 et10

277 1639 337 1687 tam
352 1629 471 1704 copiose
492 1639 520 1686 et
542 1629 610 1688 satis
632 1630 764 1704 religiose
787 1629 994 1705 impenduntur
1015 1628 1181 1688 hominibus
1203 1629 1279 1689 sicut

277 1734 342 1805 de0,
360 1735 440 1812 quod
459 1754 520 1793 non
540 1735 613 1794 foret
633 1737 656 1794 si
676 1738 759 1811 signa
781 1736 947 1794 huiusmodi
967 1737 1023 1794 sint
1039 1735 1183 1794 honores:
1206 1754 1279 1811 ergo

277 1842 435 1901 conclusio
478 1842 554 1901 Cum
569 1844 647 1901 enim
662 1843 757 1902 honor
771 1853 799 1902 et
812 1842 1003 1902 honorandus
1024 1842 1150 1901 debeant
1164 1860 1279 1901 corres-

276 1949 405 2025 pondere
427 1959 504 2026 patet
527 1950 607 2025 quod
629 1950 774 2007 infinitum
796 1949 947 2008 excederet
972 1949 1068 2008 honor
1100 1948 1278 2026 quicumque

279 2056 335 2114 deo
356 2056 468 2115 debitus
490 2056 634 2116 honorem
656 2056 786 2114 debitum
807 2066 945 2128 creature,
961 2057 1035 2114 sicut
1049 2065 1128 2132 patet
1144 2056 1181 2114 de
1195 2056 1277 2114 latria
1288 2067 1319 2119 15

277 2171 305 2220 et
333 2162 418 2221 dulia.
461 2162 538 2221 Cum
562 2162 666 2238 igitur³
691 2180 751 2220 non
779 2180 937 2238 possumus
958 2172 1056 2238 aptare
1077 2163 1171 2221 taliter
1192 2163 1277 2239 signa

276 2267 443 2326 huiusmodi
462 2268 572 2326 videtur
589 2268 668 2346 quod
687 2269 718 2325 in
737 2278 840 2326 natura
861 2269 917 2326 alia
933 2268 1028 2327 honor
1046 2268 1277 2345 proporcionalis

67 2384 243 2427 Atsoashonour
276 2383 320 2433 est
340 2374 513 2450 querendus.
553 2374 629 2434 Item
653 2392 721 2433 cum
746 2375 842 2434 omnis
867 2375 931 2433 talis
953 2375 1048 2433 honor
1071 2376 1106 2433 sit
1130 2376 1276 2451 premium
1286 2379 1320 2425 L.

67 2437 151 2537 &nilis
151 2435 267 2526 hwnfflffldie
276 2480 386 2538 virtutis
402 2481 514 2539 videtur
531 2481 612 2557 quod
633 2481 719 2540 deus⁴
740 2481 878 2540 ordinans
897 2482 978 2540 illum
999 2482 1029 2539 in
1050 2482 1195 2558 premium
1215 2501 1277 2541 ”⁰¹¹

8 2537 55 2645 s
68 2536 189 2587 something
198 2536 268 2578 which

67 2586 247 2679 {ididiam
276 2587 357 2663 ponit
380 2586 522 2646 honorem
548 2587 577 2644 in
605 2587 695 2662 signis
718 2587 892 2647 huiusmodi.
935 2587 1015 2645 Nam
1043 2589 1188 2665 premium
1216 2593 1323 2646 tam²9

68 2686 268 2730 “multam
277 2693 425 2768 magnifici
438 2693 524 2751 debet
539 2711 603 2752 esse
617 2694 719 2752 melius
733 2711 822 2770 quam
844 2712 929 2752 suum
948 2695 1091 2754 meritum.
1135 2693 1192 2752 Sed
1207 2712 1279 2771 que-

68 2737 262 2841 attrita

67 2839 176 2890 ΝΜ,
278 2819 404 2878 cumque
424 2800 591 2858 huiusmodi
606 2801 690 2876 signa
705 2811 770 2858 sunt
789 2800 935 2858 infinitum
949 2801 1047 2859 minus
1065 2802 1145 2860 bona
1158 2800 1280 2873 virtute;

278 2926 339 2965 non
354 2908 441 2984 igitur
455 2918 523 2966 sunt
537 2908 598 2966 eius
613 2908 766 2984 premium.
793 2906 872 2978 Quid
886 2925 959 2984 rogo
973 2907 1104 2967 meliorat
1119 2907 1280 2966 virtuosum

277 3013 359 3089 quod
374 3015 528 3086 virtuosus,
543 3015 678 3087 viciosuS,
695 3013 787 3072 bestia
805 3014 851 3072 vel
871 3031 977 3089 corpus
1002 3014 1195 3072 inanimatum
1210 3014 1279 3073 facit

277 3121 332 3178 sibi
346 3119 469 3179 irrisorie
487 3120 531 3179 vel
545 3121 576 3178 in
589 3120 785 3180 testimonium
804 3120 859 3179 tale
874 3121 998 3195 signum.
1040 3120 1163 3179 Videtur
1180 3131 1278 3180 autem
1289 3133 1322 3184 25

278 3227 359 3305 quod
375 3228 442 3286 talia
461 3227 544 3305 signa
560 3247 634 3286 vana
654 3228 711 3286 sint
729 3227 948 3285 incitamentum
967 3227 1061 3286 inanis
1080 3227 1181 3304 glorie,
1204 3229 1280 3288 sieut

277 3334 372 3393 evenit
385 3334 484 3392 Aman
498 3333 605 3393 Hester
624 3335 678 3406 iiio,
692 3333 737 3392 vel
757 3332 838 3391 aliter
851 3333 946 3408 magis
963 3344 1152 3409 procurarent
1171 3334 1281 3393 habere

277 3441 402 3518 amplius
416 3440 536 3500 honoris
557 3441 723 3500 huiusmodi
737 3450 766 3499 et
779 3449 842 3498 toto
856 3438 933 3497 sacto
946 3439 1063 3498 virtutes
1081 3439 1281 3517 philosophiel

278 3546 371 3606 forent
398 3548 601 3607 insufficienter
628 3558 656 3607 et
684 3546 811 3605 indebite
838 3545 985 3620 premiate.
1027 3545 1105 3616 Quia
1129 3565 1227 3605 scurre
1251 3555 1281 3607 et

278 3655 426 3714 inferiores
453 3673 514 3714 non
542 3664 608 3713 sunt
636 3654 695 3730 apti
724 3652 762 3711 ad
793 3651 997 3728 premiandum
1024 3652 1054 3709 in
1086 3670 1208 3728 corpore
1235 3654 1280 3713 vel
1291 3647 1328 3697 3⁰

277 3762 375 3821 anima
399 3780 468 3822 suos
491 3762 627 3822 dominos
650 3779 702 3836 per
725 3768 811 3817 nutus
833 3757 905 3817 tales
928 3776 1093 3833 corporeos,
1109 3759 1183 3818 sicut
1202 3771 1281 3837 patet

280 3868 472 3928 consideranti
486 3869 582 3944 legem
596 3867 723 3926 accionis
738 3882 888 3942 corporee.
919 3863 1004 3922 Talia
1018 3863 1103 3939 igitur
1117 3875 1184 3923 sunt
1198 3867 1281 3944 signa

280 3975 399 4034 honoris
414 3974 481 4034 iacti
496 3985 557 4032 tam
570 3974 628 4034 deo
642 3990 730 4050 quam
750 3971 869 4041 homini,
885 3970 936 4029 sed
953 3970 1036 4029 valde
1050 3989 1103 4046 per
1122 3972 1280 4048 accidens3

280 4083 348 4162 quia
363 4081 386 4140 si
401 4100 462 4140 non
484 4081 518 4138 sit
532 4079 627 4139 honor
648 4078 823 4137 subiectatus
837 4076 867 4133 in
881 4076 988 4148 anima,
1002 4076 1054 4135 sed
1068 4077 1146 4136 nude
1166 4079 1281 4155 sophis·

311 4221 371 4271 ¹sic
383 4220 550 4285 prosicuhtt.
615 4217 699 4268 ²s.h.
759 4215 831 4265 ³illa
841 4222 890 4279 pro
902 4213 984 4278 igitur,
998 4227 1023 4263 Α.
1086 4215 1180 4277 *deus
1192 4233 1240 4267 om.
1256 4232 1279 4268 A.

281 4302 290 4329 ¹⁵
307 4299 413 4364 plurime
424 4306 474 4363 pro
485 4294 652 4362 philosophie,
666 4308 691 4344 a.
