2828 5048
76 411 121 480 54
602 402 652 450 ors
675 400 824 452 orrrcro
848 398 968 449 xsors.

77 585 120 644 rqr
126 582 167 644 tta
175 581 270 624 minister
284 565 360 641 regis
369 563 477 641 alloqui
487 560 593 620 multas
604 569 714 637 gentes.
744 558 803 643 Sed
810 556 1007 616 Ecclesiastici
1018 555 1061 612 vi⁰
1070 554 1203 614 scribitur
1221 553 1362 618 Ver-Eccl.
1371 567 1400 617 vi.

76 634 275 757 &dejciaalbgbt'tbis
284 674 348 732 bum
357 672 434 729 dulce
442 668 718 746 multiplicatamicos
726 675 754 725 et
763 665 875 741 mitigat
883 664 1028 722 inimicos
1053 661 1193 721 Defectus
1203 661 1289 737 igitur

75 736 249 854 gilinffitfers
284 781 314 838 in
343 777 424 837 tam¹
452 775 570 853 speciali
597 773 729 832 ministro
764 772 838 831 foret
872 771 934 847 regi
962 768 1206 847 quoddammodo
1235 768 1289 826 im-

77 837 160 890 Km
284 885 439 964 putandus,
467 883 540 942 sicut
576 880 697 939 ministri
732 877 894 955 prudencia
927 876 1089 936 reddundat
1117 877 1148 934 in
1176 894 1288 952 regem.

285 990 437 1069 Quidquid
451 989 530 1049 enim
539 988 606 1047 facit
620 987 759 1057 minister,
768 994 800 1044 ut
818 984 994 1055 huiusmodi,
1010 995 1054 1043 est
1068 1001 1143 1060 opus
1159 983 1313 1046 dominiis

284 1099 323 1157 Et
336 1099 391 1157 hec
410 1096 489 1155 racio
507 1113 596 1173 quare
611 1093 781 1152 Aristoteles
803 1092 890 1150 docet
912 1091 993 1169 quod
1012 1110 1073 1150 non
1091 1091 1127 1150 sit
1147 1093 1290 1149 verbosus

77 1214 214 1256 Hemustbe
285 1215 334 1264 aut
354 1204 490 1263 emittens
510 1201 619 1260 multos
638 1201 720 1272 risus,
733 1218 801 1258 curn
825 1199 1023 1275 temperancia
1044 1199 1171 1256 multum
1193 1198 1291 1274 placet

76 1274 199 1318 ‘emm
285 1311 463 1370 hominibus.
511 1308 550 1367 Et
575 1307 642 1366 ideo
666 1306 752 1365 docet
774 1305 855 1383 quod
879 1305 916 1364 sit
940 1305 1002 1364 sine
1028 1314 1097 1364 nota
1116 1305 1239 1381 crapula
1259 1313 1288 1362 et

285 1419 432 1488 ebrietate,
448 1425 476 1474 et
491 1414 654 1492 specialiter
668 1413 749 1491 quod
763 1413 799 1470 sit
814 1412 850 1471 de
865 1430 988 1470 numero
1005 1412 1162 1471 vitancium
1178 1412 1289 1483 vinum,

285 1543 354 1584 cum
377 1523 501 1582 ebrietas
529 1521 659 1581 dissolvit
686 1537 807 1579 sensum
835 1529 864 1578 et
893 1519 1080 1590 intellectum,
1106 1518 1289 1578 constituens
1301 1525 1332 1569 10

74 1629 259 1731 §iltifflfrgffi
284 1630 437 1690 hominem
451 1628 611 1688 bestialem.
653 1626 692 1684 Et
711 1626 871 1686 concordat
891 1626 965 1685 fides
987 1627 1127 1704 scripture
1145 1644 1214 1685 curn
1233 1626 1290 1685 ista

75 1731 266 1781 assummum,
285 1737 442 1797 sentencia.
494 1735 648 1807 Quantum
671 1732 708 1792 ad
732 1733 853 1792 tercium
878 1743 968 1809 patet,
994 1752 1063 1793 cum
1090 1753 1151 1794 non
1176 1734 1231 1793 fuit
1258 1733 1290 1791 in

74 1836 254 1931 {3322ng
285 1844 381 1904 Cristo
401 1849 464 1902 ‘est
483 1853 511 1901 et
528 1842 606 1912 non,’
627 1859 682 1899 nec
703 1840 865 1899 secundum
881 1840 1027 1899 Deitatem
1042 1841 1159 1900 mentiri
1173 1841 1289 1918 poterit,

284 1951 365 2030 quod
393 1947 535 2027 uterque²
564 1948 627 2007 eius
654 1947 776 2006 vicarius
806 1947 896 2006 debet
923 1966 989 2007 esse
1017 1966 1102 2006 verax
1126 1948 1157 2006 in
1181 1948 1287 2020 verbis,

284 2057 415 2117 cavendo
440 2056 636 2115 mendacium.
681 2054 736 2127 Sic,
760 2054 854 2132 inquit
867 2054 1047 2126 Aristoteles,
1072 2056 1183 2114 baiulus
1208 2056 1286 2133 regis
1295 2055 1414 2107 Aristeu

285 2183 380 2223 verax
407 2165 438 2221 in
459 2163 561 2234 verbis
584 2162 707 2239 diligens
730 2162 881 2220 veritatem
909 2171 937 2220 et
949 2163 1074 2239 fugiens
1104 2120 1400 2222 mendaczam.¹⁰⁰'⁰¹t·

75 2275 277 2378 {liiffsssvlfeing
286 2271 374 2329 Unde
397 2270 523 2347 capitulo
545 2269 609 2327 iii⁰³
637 2269 679 2327 sic
702 2269 809 2340 scribit,
831 2267 926 2326 Racz'o
951 2270 1056 2326 matilia
1079 2271 1155 2327 elicit
1175 2228 1399 2328 menda-Ib¹d'⁶'

75 2377 368 2472 {ffisffiffi‘ffl‘ssumv
384 2378 458 2452 quod
471 2384 511 2434 est
530 2376 621 2435 radix
640 2374 855 2452 reprobabz'lt'um
871 2383 898 2433 et
915 2378 1034 2434 materia
1054 2378 1200 2435 artabrum.
1250 2377 1290 2436 Et

285 2494 365 2561 patet
379 2483 416 2542 de
431 2483 536 2541 invidia
551 2482 659 2542 diaboli
671 2482 796 2542 Genesis
812 2494 853 2558 3⁰,
868 2484 919 2560 qui
933 2483 1029 2559 primo
1043 2485 1181 2542 mentitus
1195 2493 1240 2543 est
1259 2486 1290 2543 in
1301 2492 1365 2543 Gen.
1378 2491 1405 2542 iii

286 2603 437 2651 auctorem
460 2592 610 2668 scripture,
628 2601 656 2649 et
677 2590 799 2650 breviter
823 2590 931 2649 invidia
962 2601 1006 2650 est
1034 2609 1123 2650 causa
1150 2572 1291 2669 precipua
1301 2600 1333 2639 ²0

287 2718 375 2777 quare
398 2699 435 2757 de
459 2716 588 2776 persona
612 2696 694 2756 odita
718 2699 897 2756 seminantur
924 2698 1086 2757 mendacia.
1142 2699 1290 2776 Ippocrite

286 2806 415 2883 quidem,
434 2805 555 2883 quando
573 2805 674 2864 dolent
687 2804 724 2863 de
738 2807 820 2864 bono
843 2806 971 2883 proximi
985 2824 1041 2865 nec
1056 2806 1209 2866 manifeste
1224 2825 1290 2884 pre·

286 2923 406 2971 sumunt
441 2913 495 2971 sibi
530 2930 638 2972 nocere
671 2912 864 2988 personaliter
900 2922 1020 2990 propter
1062 2915 1291 2991 percepcionem

286 3020 452 3096 apparentis
479 3019 603 3090 malicie,
629 3020 761 3077 ebuliunt
784 3020 815 3077 in
837 3020 925 3078 verba
949 3039 1006 3096 que
1022 3017 1037 3051 *
1049 3021 1236 3098 ymaginacio
1261 3026 1371 3080 et1³a

285 3125 407 3185 affeccio
428 3125 608 3198 simularunt,
634 3136 666 3184 ut
690 3127 735 3185 vel
759 3127 800 3186 sic
825 3126 904 3186 fama
925 3145 1051 3203 persone
1073 3145 1163 3204 quam
1186 3128 1291 3187 odiunt
1301 3149 1331 3200 25

285 3232 476 3308 denigretur⁴.
519 3232 587 3291 Hoc
605 3244 702 3292 autem
725 3233 846 3293 dedecet
864 3233 1012 3292 ministros
1041 3235 1091 3311 qui
1108 3245 1291 3311 representa·

286 3348 350 3396 rent
368 3357 526 3416 personam
545 3339 622 3415 regis
640 3349 669 3399 et
688 3341 850 3400 baiularent
868 3341 1018 3400 decretum
1033 3341 1096 3400 eius
1110 3341 1148 3401 ad
1164 3351 1290 3413 exteros,

76 3448 264 3553 ssffiffffiim
286 3445 354 3522 quia
382 3446 486 3505 talibus
505 3447 666 3506 mendaciis
685 3448 757 3506 fides
776 3448 852 3525 regis
871 3448 909 3507 ad
929 3448 1061 3507 subditos
1078 3448 1238 3508 solveretur
1262 3458 1293 3508 et
1330 3490 1333 3495 -

76 3552 190 3656 ffiedit
198 3553 224 3594 οἱ
228 3553 265 3595 1¹¹⁸
286 3572 338 3630 per
360 3571 544 3630 consequens
565 3573 616 3613 rex
636 3573 653 3613 a
673 3573 726 3613 sua
745 3556 886 3630 dignitate
907 3555 1069 3614 excederet.
1122 3555 1188 3614 Rex
1210 3556 1291 3615 enim

286 3670 331 3719 est
344 3660 465 3719 vicarius
480 3660 526 3720 dei
541 3662 591 3739 qui
605 3662 720 3720 mentiri
731 3680 793 3721 non
804 3663 916 3739 poterit.
949 3662 987 3720 Et
1001 3662 1068 3721 ideo
1092 3662 1195 3723 decet⁶
1209 3665 1291 3740 quod
1301 3680 1334 3730 30

76 3778 211 3830 TheKings
226 3778 278 3822 ears
286 3767 373 3825 verba
382 3767 444 3826 eius
455 3767 511 3826 sint
525 3786 621 3844 pauca
637 3778 724 3845 atque
749 3769 861 3828 stabilia
874 3778 907 3827 ut
921 3769 1025 3828 dicitur
1038 3770 1069 3828 xi
1083 3781 1262 3829 secretorum
1271 3773 1291 3832 ⁶.

76 3829 113 3871 the
122 3831 181 3871 truth
190 3792 260 3871 wbich

77 3880 133 3979 133⁵,
142 3880 240 3972 {ffi'sssss
287 3873 375 3932 Unde
400 3875 475 3932 sicut
498 3893 549 3933 rex
574 3894 635 3934 non
658 3876 727 3935 dicit
749 3877 804 3934 nisi
832 3878 980 3936 veritatem
1007 3896 1096 3955 quam
1124 3877 1206 3937 Deus
1235 3879 1292 3938 sibi
1330 3880 1336 3947 i

76 3980 254 4074 ffifflmi‘
287 3981 462 4058 suggesserit
471 3981 491 4052 ⁷,
512 3982 552 4040 ita
573 3983 696 4042 vicarius
720 3983 781 4041 eius
804 4002 865 4042 non
888 3985 1063 4044 exorbitabit
1085 3985 1223 4062 augendo
1244 3985 1292 4044 vel

319 4131 420 4182 ¹causa
437 4140 487 4198 pro
509 4141 569 4190 tarn,
592 4144 618 4185 Α.
700 4132 841 4200 ²utraque,
864 4146 891 4185 Α.
975 4136 1047 4186 ³vii⁰
1069 4143 1119 4202 pro
1141 4136 1189 4199 iiio,
1213 4149 1241 4198 Α,
1263 4149 1290 4188 Β.

286 4207 297 4311 ζ
313 4210 463 4275 denigratur,
474 4223 500 4262 Α.
543 4211 553 4242 ⁵
572 4213 659 4262 Homo
670 4211 736 4264 dicet
742 4219 791 4278 pro
802 4220 826 4263 et
837 4213 894 4263 ideo
905 4213 984 4275 decet,
995 4228 1021 4264 A.
1063 4213 1073 4243 ⁶
1089 4215 1251 4278 decretorum,
1262 4227 1290 4266 Α.

313 4288 442 4352 suggessit,
457 4302 483 4339 Α.
