2828 5048
581 405 631 455 DE
653 405 801 457 OFFICIO
824 405 942 456 REGIS.

269 562 435 623 omissione.
491 561 537 622 Illi
558 573 656 623 autem
677 564 727 642 qui
743 564 856 624 lucrum
875 564 1017 641 recipiunt
1041 573 1073 622 ut
1094 563 1271 623 iniusticiam

269 670 428 730 defendant
455 678 606 748 tamquam
627 671 758 730 blasfemi
783 681 885 732 contra
910 672 998 730 deum
1023 682 1189 748 procurant,
1216 689 1270 729 nec

59 779 114 824 This
122 795 172 834 may
180 782 230 826 take
268 776 409 836 debemus
423 777 549 854 gaudere
565 778 616 836 sed
627 778 725 837 dolere
740 779 776 837 de
791 778 909 838 fratrum
923 777 1058 850 facinore,
1073 796 1141 837 curn
1157 777 1270 837 Cristus

59 833 96 874 the
109 834 163 875 forrn
173 834 198 876 of

58 884 250 983 {ffihfflgsw
268 884 298 942 in
326 884 428 961 triplici
457 885 525 944 fletu
552 903 714 962 numquam
743 885 820 944 flevit
847 885 901 946 nisi
930 885 1037 944 fleverit
1064 902 1118 962 pro
1139 894 1270 962 peccato.

58 984 487 1079 {¹22⁸‘ll00‘l‘0‘ilssCongaudens1
508 993 607 1070 itaque
628 1002 731 1052 contra
751 994 901 1052 caritatem
922 993 958 1052 de
979 993 1101 1052 crimine
1126 991 1295 1056 consentit5

109 1086 113 1090 ⁴
165 1086 167 1090 ’
268 1100 299 1158 in
322 1100 430 1171 animo,
450 1100 524 1159 sicut
541 1110 569 1160 et
588 1101 802 1176 parvipendens
819 1101 973 1178 corrigere.
1015 1100 1095 1159 Nam
1116 1100 1166 1177 qui
1183 1099 1269 1158 habet

269 1225 286 1266 a
302 1206 358 1266 deo
374 1207 485 1265 maiora
500 1206 578 1266 dona
591 1217 624 1265 ut
638 1208 781 1285 corripiat,
796 1218 825 1267 et
839 1227 926 1286 super
939 1207 996 1267 hoc
1010 1208 1139 1285 negligit,
1154 1206 1270 1284 gravius

269 1322 312 1372 est
333 1313 504 1390 culpandus,
520 1314 578 1373 sive
600 1313 684 1373 fuerit
699 1324 867 1391 potentatus
882 1315 993 1374 habens
1013 1294 1211 1392 potestatem²
1232 1312 1270 1371 ad

267 1420 325 1478 hoc
340 1420 506 1491 secularem,
528 1420 587 1478 sive
606 1421 759 1497 spiritualis
782 1421 893 1480 habens
914 1422 952 1481 ad
973 1421 1031 1481 hoc
1054 1421 1153 1480 datam
1176 1420 1269 1478 scien·

268 1527 352 1585 ciam.
414 1526 453 1584 Et
478 1527 556 1586 istud
575 1537 619 1587 est
639 1528 766 1604 primurn
791 1539 948 1605 peccatum
967 1537 997 1587 et
1015 1528 1219 1604 gravissimum
1238 1525 1269 1582 in
1281 1543 1315 1581 ιο

267 1651 423 1703 consensu,
439 1634 471 1691 in
485 1651 545 1710 quo
560 1645 626 1692 sunt
640 1652 744 1693 omnes
765 1636 854 1693 verbo
867 1635 980 1694 cautela
994 1634 1038 1694 vel
1053 1653 1142 1711 opere
1156 1633 1270 1692 facinus

59 1764 249 1808 uewnoaetenas
267 1740 466 1812 defendentes,
482 1740 639 1817 dequibus
667 1741 801 1800 scribitur
815 1742 904 1800 xxiiii.
929 1761 958 1819 q.
983 1742 1020 1813 iii,
1045 1740 1126 1812 ‘Qui
1146 1742 1268 1799 alterum
1279 1765 1302 1798 c.
1316 1750 1383 1799 xxiv.
1399 1758 1414 1806 a

57 1816 206 1909 &lirim
268 1866 390 1906 errorem
418 1848 540 1925 defendit
565 1849 648 1905 multo
676 1850 797 1924 ampleics
824 1856 865 1906 est
890 1848 1096 1924 dampnabitur
1124 1849 1191 1920 e'lle's,
1221 1829 1319 1923 quim

1279 1897 1302 1931 c.
1335 1896 1357 1930 2.

58 1917 235 2011 pappleentshan
269 1962 374 2026 errent,
389 1957 456 2030 quia
473 1973 526 2012 non
541 1956 627 2012 solum
642 1957 688 2012 ille
701 1962 782 2013 erret
800 1956 850 2013 sed
859 1963 887 2013 et
897 1957 965 2013 altis
978 1956 1143 2033 offendicula
1163 1954 1271 2011 erroris
1316 1895 1332 1944 3

262 2068 403 2138 preparat
422 2068 448 2119 et
470 2062 625 2138 confirmat.
671 2060 749 2119 Unde
772 2065 840 2138 quie
864 2065 999 2139 magester
1019 2063 1126 2120 errore's
1149 2068 1196 2132 est,
1216 2079 1271 2118 non
1284 2079 1316 2131 15

57 2184 112 2227 This
120 2186 202 2278 uanper
213 2185 250 2227 the
267 2168 398 2226 *cantant
422 2170 564 2238 hereticus,
578 2170 629 2226 sed
641 2169 819 2228 heresiarcha
836 2171 967 2227 dicendus
990 2167 1046 2228 est’
1088 2169 1127 2227 Et
1153 2168 1190 2227 de
1214 2168 1272 2226 isto

58 2237 236 2331 iiiiii&
270 2277 400 2353 periculo
420 2286 558 2336 caverent
574 2277 749 2354 temporales
770 2277 882 2338 domini
901 2277 1088 2337 defendentes
1107 2276 1217 2337 clerum
1236 2294 1272 2334 ac

268 2364 332 2441 eius
348 2383 499 2460 privilegia
520 2393 624 2442 contra
643 2384 739 2461 legem
756 2385 814 2443 Dei
834 2394 864 2444 et
882 2395 981 2444 sancte
998 2383 1138 2457 Ecclesie,
1152 2384 1225 2442 sicut
1242 2393 1273 2442 et

269 2489 413 2549 scolastici
438 2508 472 2548 ac
500 2508 600 2548 eorum
623 2490 790 2551 defensores
815 2492 865 2568 qui
889 2493 1024 2551 resistunt
1046 2490 1213 2567 impingunt
1236 2507 1272 2548 ac

61 2581 97 2623 ·’
169 2595 172 2599 ’
252 2582 447 2674 ⁴proterviunt
474 2605 576 2655 contra
604 2595 780 2656 katholicam
808 2598 964 2656 veritatem.
1016 2596 1104 2655 Unde
1127 2596 1271 2655 remissis·
1284 2601 1317 2638 2⁰

216 2727 220 2732 ·
267 2703 366 2763 simo⁴
387 2703 482 2780 gradu
496 2702 570 2762 illius
589 2721 750 2762 consensus
771 2704 841 2764 dicit
860 2705 963 2763 beatus
977 2702 1138 2781 Gregorius
1152 2702 1227 2762 libro
1240 2702 1272 2760 iii
1282 2703 1396 2768 Gregory

266 2809 393 2887 ·Regulae
405 2810 424 2882 ⁶,
449 2809 576 2886 capitulo
598 2810 677 2868 xxix.
722 2808 761 2869 Et
782 2811 883 2870 similis
904 2811 1054 2870 sentencia
1073 2809 1213 2887 ponitur⁸
1240 2810 1272 2868 in
1281 2769 1386 2886 Iffiffi
1398 2792 1414 2811 Ἴ

267 2917 393 2976 decretis
409 2919 425 2974 8
429 2918 460 2992 3⁷
474 2918 502 2991 d,
517 2915 606 2989 ‘Qui’
621 2917 723 2993 inquit,
740 2919 894 2976 ‘emendare
900 2925 993 2995 petest
1003 2925 1029 2976 et
1040 2918 1161 2993 negligit
1171 2917 1273 2992 absque
1281 2916 1405 3008 ΜΝ..

267 3022 351 3080 dubie
372 3024 466 3081 delicti
476 3025 645 3100 pernee'pern
667 3044 695 3081 se
717 3024 807 3100 iprum
832 3024 989 3083 constituit!
1031 3024 1069 3084 Et
1089 3024 1147 3083 isto
1164 3032 1353 3101 genereciii

271 3147 434 3190 consensus
468 3130 630 3188 comuniter
657 3130 840 3190 maculantur
867 3130 1004 3208 prepositi
1032 3140 1092 3190 tam
1127 3131 1274 3190 seculares
1284 3146 1316 3198 25

162 3216 165 3220 ’
269 3254 360 3313 quarn
389 3235 581 3295 ecclesiastici.
623 3235 734 3295 Ymmo
764 3246 792 3296 et
820 3239 910 3297 nostri
939 3238 1081 3298 scolastici
1104 3238 1154 3317 qui
1175 3248 1274 3298 tacent

117 3350 122 3358 '
206 3353 208 3357 ’
269 3343 541 3420 promulgacionem
555 3343 680 3402 veritatis
694 3342 841 3403 catholice
857 3362 946 3421 quarn
959 3345 1067 3405 debent
1081 3363 1274 3422 cognoscere.
1327 3324 1331 3333 .

58 3443 238 3488 F⁰¹¹1²¹¹k³¹¹d⁰s
266 3450 351 3508 Talis
366 3449 444 3509 enim
458 3459 502 3508 est
515 3449 647 3526 proditor
661 3449 796 3509 veritatis.
840 3451 987 3523 Quartum
1001 3470 1096 3530 genus
1110 3445 1320 3513 consensusY·

56 3504 145 3538 consent
154 3495 173 3538 is

55 3547 200 3651 {gloffim
266 3566 311 3617 est
325 3556 477 3633 culpanda,
491 3556 560 3632 quia
570 3556 741 3628 voluntaria,
753 3559 937 3635 cooperacio.
977 3557 1016 3617 Et
1025 3559 1062 3618 de
1076 3559 1125 3618 tali
1140 3559 1276 3618 scribitur

248 3660 310 3723 niil.
324 3668 352 3741 q.
368 3663 392 3737 I,
416 3663 548 3723 ‘Notum
564 3663 618 3723 sit!
661 3663 835 3723 ‘Facientem
849 3672 875 3723 ct
886 3667 1089 3725 consentientem
1098 3667 1189 3743 pari⁸
1196 3673 1315 3744 penae
1324 3672 1353 3722 li.
1364 3673 1396 3738 Q.

267 3770 453 3848 ‘07²⁸f72'7181'ff
494 3770 534 3830 Et
554 3772 650 3847 primo
670 3772 867 3845 decretalium,
890 3773 954 3832 ‘De
970 3772 984 3805 *
1001 3774 1098 3834 officio
1112 3773 1236 3851 delegati
1244 3752 1275 3833 ⁹.’
1283 3752 1361 3855 {0¹2

268 3883 278 3911 ¹
292 3877 368 3950 Quia
382 3879 514 3954 quesitum
527 3884 573 3949 est,
597 3921 603 3935 .
627 3921 633 3936 .
656 3879 776 3955 Agentes
785 3887 811 3937 et
822 3882 1015 3939 consencientes
1021 3884 1176 3958 paripena
1188 3877 1276 3960 (terat
1285 3871 1380 3984 {lm

267 3987 361 4044 moneo
375 3982 525 4064 scripture)
532 3985 713 4060 puniantur!
734 3984 773 4044 Et
787 3996 866 4063 patet
880 3986 952 4046 fides
966 3988 1106 4064 scripture
1119 3985 1134 4020 *
1147 3971 1336 4051 Romam'r'it
1346 4000 1412 4050 xxix.

1285 4079 1411 4129 roim

304 4181 555 4246 ¹c0ngaudentes,n,
613 4179 665 4230 ²ad
675 4183 724 4232 hoc
735 4190 884 4248 potestatem
895 4186 1039 4247 secularem,
1051 4197 1076 4235 u.
1126 4185 1277 4249 ³tamen,n.

269 4260 452 4323 srenissimo.
485 4259 533 4309 ³xi
546 4259 654 4324 Registri
660 4266 710 4324 pro
720 4262 748 4310 iii
761 4261 867 4328 Regula,
875 4276 935 4327 Α,Β.
978 4262 1095 4330 “ponis
1123 4265 1234 4329 ponitur,
1246 4276 1273 4317 Β.

272 4333 379 4402 '89,n.
446 4339 563 4402 'pann¹
630 4338 726 4403 ⁹legis,
739 4351 764 4390 Β.
