2828 5048
586 382 634 431 DE
657 381 804 433 OFFIClO
828 382 947 433 REGIS.

267 538 428 616 Magistro,
450 539 551 614 inquit,
574 542 663 598 omm'r
685 541 791 597 rastriz'e
813 541 875 616 ipro
897 544 1002 596 notura
1024 545 1065 596 est
1081 538 1223 596 hominum
1244 543 1270 594 et

266 648 409 721 scripturo
436 646 591 725 tbsolz'br'lzi
613 647 645 704 de
666 647 713 703 deo
735 652 866 703 creatura
887 650 928 703 esl
939 647 1061 702 omnr'um
1078 662 1183 716 rerum,
1199 645 1268 718 quia

266 752 357 809 nichil
379 758 493 810 creatur
520 752 550 809 in
578 753 679 810 mundo
701 763 756 827 per
777 753 852 827 quod
872 770 927 809 non
950 752 1175 829 monfislr'rsr‘me
1201 751 1268 807 deus

266 859 425 916 ostenditur.
460 857 526 915 Ideo
539 859 664 915 elemento
678 859 799 916 omnium
814 876 909 914 rerum
924 858 954 914 in
968 858 1017 915 hoc
1031 858 1139 932 quodem
1150 863 1269 930 tempore

265 970 424 1022 conmonen!
445 965 567 1022 hontzner
590 965 622 1022 de
637 966 763 1039 potencia
787 965 836 1020 dei.
879 962 918 1019 In
934 964 1029 1040 finali
1049 969 1138 1021 aulem
1162 964 1290 1030 tirdicro5

57 1078 120 1120 amm
131 1075 174 1120 this
183 1091 214 1119 ve
223 1091 258 1121 see
266 1067 335 1128 ruo¹
357 1070 598 1147 condempnatum.
640 1069 687 1127 Ex
710 1071 765 1128 ista
787 1071 933 1128 sentencia
958 1069 1042 1128 huius
1064 1069 1164 1145 magni
1189 1067 1268 1126 beati

55 1129 86 1181 (¹)
95 1130 143 1170 how
151 1129 180 1170 all
190 1129 226 1170 the

57 1180 232 1272 ξίζξιζῑῗζῐζὴῇὤ,
266 1175 432 1252 philosophi
454 1186 534 1253 patet
556 1177 652 1253 primo
673 1176 825 1253 quomodo
847 1177 876 1233 in
899 1176 1027 1248 homine,
1042 1176 1091 1253 qui
1110 1185 1155 1233 est
1169 1174 1268 1234 minor

72 1280 257 1380 lggniffltffi
267 1283 404 1353 mundus,
433 1292 495 1341 tota
523 1283 614 1358 pietas
646 1281 793 1358 religionis
828 1282 961 1340 cristiane
995 1282 1167 1353 inscribitur,
1197 1299 1267 1339 cum

57 1380 203 1483 iffiyffsm‘
267 1389 382 1465 spiritus
396 1389 532 1460 hominis,
549 1389 709 1447 secundum
731 1389 903 1446 memoriam
925 1388 1074 1447 racionem
1089 1397 1118 1446 et
1131 1387 1268 1445 volunta-

266 1504 335 1567 tem,
352 1495 419 1553 dicit
433 1504 572 1572 tanquam
589 1510 697 1571 ymago
712 1495 759 1553 dei
776 1495 977 1554 indivisibilem
998 1495 1154 1553 trinitatem
1169 1505 1199 1553 et
1213 1494 1268 1552 alie
1279 1511 1310 1548 10

265 1602 400 1676 potencie
425 1602 522 1660 dicunt
547 1601 626 1660 ideas
650 1602 680 1658 in
706 1601 770 1660 deo,
812 1601 893 1659 Unio
918 1620 986 1660 vero
1014 1602 1111 1660 anime
1138 1601 1268 1660 humane

266 1728 334 1767 cum
357 1726 479 1784 corpore
501 1708 570 1766 dicit
595 1707 747 1778 simillime,
762 1707 835 1765 inter
858 1707 992 1784 exempla
1013 1719 1117 1777 creata,
1132 1709 1268 1766 incama-

267 1816 383 1874 cionem
412 1814 588 1872 ineffabilem
611 1812 717 1872 Cristi²
731 1815 799 1872 Iesu
822 1815 901 1872 iuxta
924 1815 1004 1872 illum
1027 1813 1179 1872 articulum
1200 1813 1270 1872 fidei

267 1923 341 1979 sziut
369 1921 466 1977 anim
495 1921 648 1978 roctonolt's
675 1927 701 1978 el
727 1940 793 1978 coro
821 1939 894 1978 unus
915 1923 1061 1991 esthamo,
1085 1923 1124 1978 ito
1150 1921 1217 1977 deus
1245 1927 1408 2014 et‘Quieunqur

268 2028 346 2086 homo
360 2046 434 2085 unus
447 2034 488 2084 est
502 2025 625 2085 Crestus.
658 2026 814 2103 Compago
828 2046 895 2086 vero
909 2029 1108 2085 membrorum
1119 2037 1223 2086 mutuo
1237 2046 1269 2086 se
1278 1995 1337 2045 vult.

269 2134 433 2191 iuvancium
447 2142 626 2208 representat
639 2132 794 2191 cathenam
808 2121 939 2204 calitatis,
953 2152 1011 2210 qua
1025 2151 1130 2209 corpus
1145 2132 1270 2192 ecclesie

269 2249 441 2309 necteretur,
462 2249 494 2297 ut
520 2239 605 2297 docet
626 2238 774 2315 apostolus
796 2240 890 2315 prima
911 2239 979 2298 Cor.
999 2259 1043 2297 12.
1085 2239 1124 2297 Et
1145 2240 1292 2299 breviterr
1307 2242 1404 2294 Corin

269 2345 406 2422 quicquid
434 2345 583 2420 religionis
609 2343 623 2376 *
649 2363 710 2403 non
738 2356 781 2403 est
808 2346 977 2422 inscriptum
1005 2345 1035 2402 in
1063 2345 1182 2404 homine
1208 2364 1270 2406 non
1279 2324 1319 2424 ἐζ
1327 2389 1349 2424 Β,

58 2466 201 2559 (quowthe
269 2452 379 2528 obligat
404 2451 590 2510 Cristianum.
632 2451 713 2510 Patet
741 2461 775 2508 2⁰
799 2452 950 2528 quomodo
974 2452 1144 2510 universitas
1172 2461 1314 2514 creataD.

59 2533 78 2559 w
94 2520 128 2560 ole
136 2517 221 2559 created
283 2542 286 2548 ·

58 2569 262 2670 ξιιίἰγνὲῑεῃειιὲῑοιιὲ-ὃε
270 2559 337 2617 dicit
360 2559 525 2616 naturaliter
549 2558 635 2616 deum
663 2576 728 2616 esse
756 2569 916 2617 creatorem
945 2576 1032 2617 suum
1057 2577 1144 2635 super
1168 2559 1271 2618 omnia
1281 2586 1312 2620 πο

58 2669 237 2769 {ffecgffietgtrffi
272 2666 450 2741 diligendum
464 2683 532 2724 cum
551 2664 652 2722 ceteris
667 2663 832 2722 veritatibus
853 2663 950 2739 regule
972 2665 1105 2723 cristiane
1126 2683 1271 2724 concern-

59 2770 212 2863 ffissggjdffl·
271 2772 387 2831 entibus
415 2770 620 2830 obedienciam
648 2769 810 2829 faciendam
838 2770 894 2829 deo
928 2780 958 2828 et
984 2770 1102 2829 cuilibet
1130 2782 1271 2831 creature.

271 2878 348 2936 Cum
376 2878 453 2936 enim
482 2877 608 2953 quelibet
635 2886 765 2936 creatura
793 2876 828 2934 sit
856 2877 1022 2944 naturaliter
1046 2877 1186 2937 nunccius
1215 2879 1296 2950 dei,'

268 2985 369 3042 dicens
384 2983 496 3042 homini
511 2983 591 3059 quod
607 2984 647 3041 sic
661 2993 704 3041 est
719 2983 917 3041 obediendum
934 2984 1080 3054 omnibus,
1094 2993 1175 3060 patet
1189 2984 1271 3061 quod

268 3089 430 3165 cuicunque
449 3087 605 3164 tyr*rann0
623 3089 667 3147 vel
690 3089 801 3148 discolo
823 3089 1020 3147 obediendum
1042 3100 1086 3148 est
1107 3092 1269 3149 secundum
1280 3099 1408 3154 rorant

268 3195 345 3266 illud,
374 3194 455 3270 quod
491 3195 561 3257 deus
590 3195 619 3251 in
647 3195 696 3253 illo
724 3196 839 3272 proprie
867 3194 1011 3272 loquitur;
1052 3207 1080 3256 et
1109 3216 1177 3255 cum
1212 3198 1270 3258 hoc

269 3300 467 3359 rebellandum
484 3310 527 3359 est
545 3301 706 3359 secundum
728 3301 797 3359 illud
819 3303 899 3378 quod
920 3302 1052 3360 diabolus
1072 3303 1221 3380 inproprie
1242 3315 1271 3363 et

59 3428 239 3519 crossetaefre
272 3410 303 3466 in
330 3408 394 3484 ipso
429 3408 566 3484 loquitur.
621 3407 660 3464 Et
695 3407 736 3467 sic
771 3426 832 3465 non
867 3407 929 3465 sine
965 3427 1054 3467 causa
1088 3409 1272 3471 archidoetor

59 3481 193 3571 {illelallnsr‘l
201 3480 247 3570 l‘v'l‘.
272 3513 486 3572 Lincolniensis
513 3523 626 3572 mature
656 3513 769 3590 scripsit
793 3532 868 3590 pape
893 3514 999 3591 duplici
1024 3515 1175 3574 mandanti
1200 3479 1314 3691 con-k

1277 3646 1307 3721 l.

60 3594 109 3620 ness
118 3589 140 3622 to
150 3581 186 3621 the
195 3581 244 3621 obe-

59 3631 257 3731 fflfflssssssyed
273 3619 392 3678 trarium
406 3619 482 3695 legi3
496 3620 550 3691 dei,
567 3619 717 3696 quomodo
738 3619 824 3678 simul
845 3620 1013 3679 obedienter
1034 3632 1173 3698 tanquam
1196 3623 1272 3682 filius

110 3711 115 3731 ,

60 3731 222 3824 {lsseffifiglsth
275 3734 372 3784 sancte
384 3726 483 3783 matris
495 3724 616 3783 ecclesie
628 3725 780 3784 rebellavit.
816 3725 846 3783 Si
860 3727 938 3784 enim
949 3728 1014 3802 quis
1025 3729 1124 3786 obedit
1135 3732 1241 3788 nuncci
1266 3776 1273 3802 ‚
1304 3726 1309 3815 l

272 3831 379 3901 litteris,
408 3833 528 3890 vocibus
554 3841 584 3890 et
611 3831 765 3904 mandatis,
793 3842 909 3909 propter
937 3843 1083 3891 terrenum
1111 3835 1274 3912 principem
1301 3818 1312 3887 ‘l

270 3939 419 3997 veritatem
454 3937 597 3996 inclusam
632 3938 829 4011 mandantem,
864 3949 975 4015 quanto
1010 3940 1104 4016 magis
1139 3941 1274 4000 obediret

270 4044 395 4102 nunccio
429 4044 548 4102 maioris
583 4045 788 4121 permaneneie
823 4047 861 4104 ab
897 4046 1041 4103 infinitum
1070 4048 1273 4108 venerabiliori

270 4150 401 4228 principe
424 4151 475 4226 qui
494 4150 623 4210 inscribit
646 4151 812 4209 naturaliter
828 4161 858 4209 et
881 4152 998 4228 proprie
1018 4151 1221 4212 saluberimam
1243 4165 1272 4214 et
1284 4170 1315 4220 35

371 4282 379 4311 ¹
397 4299 451 4345 su0,
463 4299 508 4332 om.
521 4295 547 4333 A.
619 4282 629 4311 ²
646 4284 705 4347 Jesu
718 4284 800 4345 Cristi,
815 4285 867 4334 ord.
881 4285 933 4334 inv.
946 4297 970 4334 Β.
1045 4285 1055 4314 ³
1072 4285 1134 4349 lege,
1145 4297 1171 4336 Α.
