2828 5048
615 432 665 482 DE
689 431 838 483 OFFICIO
861 431 980 482 REGIS.

292 610 359 666 quos
380 589 488 648 habebit
506 608 605 661 seeum,
622 589 759 666 legetque¹
774 589 851 647 illud
869 589 995 646 omnibus
1010 587 1103 646 diebus
1122 591 1176 647 uite
1197 608 1252 659 sue,
1271 592 1305 644 ut

291 699 364 755 sceiet
395 698 489 755 temere
523 696 678 754 Dominum
706 694 799 754 Deum
826 715 918 767 meum,
945 702 972 752 ct
997 697 1134 754 custodire
1162 696 1247 754 uerba
1278 703 1305 753 et

291 807 456 862 cerimonias
467 806 533 875 ecies,
544 823 594 879 que
608 806 639 860 in
654 805 710 878 lege
717 808 846 878 precepta
860 803 952 860 senff.
974 800 1036 860 Nec
1049 804 1167 861 elevetur
1179 822 1229 860 cor
1241 806 1302 861 eius

293 913 323 969 in
333 911 461 986 superbia
471 920 554 986 super
556 910 674 985 fratres
687 929 759 981 suos,
772 928 856 984 neque
869 909 983 966 declinet
991 911 1022 966 in
1029 915 1142 985 partem
1151 911 1300 967 sinistram

293 1018 339 1074 uel
360 1017 500 1086 dextram,
523 1023 556 1073 ut
577 1017 658 1092 lenge
681 1023 799 1092 tempere
820 1021 916 1090 regnet
935 1017 996 1090 ipse
1013 1022 1039 1072 et
1051 1016 1120 1092 filii
1134 1017 1194 1073 eius
1216 1025 1326 1090 super5

83 1123 235 1224 weil?
292 1119 395 1181 Israel.
436 1122 497 1180 Ista
511 1122 660 1181 sentencia
676 1122 749 1198 legis
769 1123 873 1180 veteris
892 1131 1036 1198 quantum
1051 1121 1089 1179 ad
1103 1122 1300 1181 moralitatem

84 1225 192 1268 emim
200 1224 273 1277 mes.
321 1229 393 1286 tinet
420 1238 463 1286 est
487 1227 525 1285 a³
553 1227 703 1286 Cristianis
732 1229 850 1304 regibus
879 1227 1059 1287 observanda
1086 1237 1115 1286 et
1145 1229 1301 1287 occasione

312 1334 378 1392 uius
398 1333 471 1410 legis
496 1333 583 1393 credo
605 1333 686 1410 quod
709 1333 759 1391 filii
783 1333 872 1392 Israel
896 1334 1039 1410 petierant
1063 1333 1118 1392 sibi
1143 1352 1244 1410 regem
1267 1343 1300 1391 ut

314 1449 372 1497 atet
386 1440 471 1516 primi
487 1438 561 1515 Reg.
576 1439 634 1498 viii.
658 1438 723 1498 Nec
737 1439 872 1498 deficeret
886 1440 947 1516 regi
961 1439 1095 1515 regimen
1109 1439 1181 1497 dum
1196 1440 1297 1499 obser·
1312 1452 1323 1488 1
1335 1439 1404 1490 Sam.

96 1576 230 1618 mmceos
312 1547 400 1605 averit
411 1547 496 1604 istam
510 1546 616 1621 legem.
658 1545 746 1604 Unde
760 1546 829 1622 quia
845 1545 986 1605 Salomon
1000 1546 1196 1623 prevaricatus
1210 1556 1254 1605 est
1268 1546 1344 1604 in10

116 1627 258 1670 ¹⁰¹¹¹⁰¹⁹⁵s²¹l
294 1654 377 1729 equis
393 1652 443 1710 et⁴
459 1652 491 1709 in
508 1653 648 1711 uxoribus
673 1662 701 1711 et
725 1653 755 1709 in
777 1653 854 1711 vasis
876 1652 971 1712 aureis
996 1662 1084 1728 atque
1102 1653 1249 1729 argenteis
1266 1663 1298 1711 ut

85 1775 248 1828 Hedisobeyed
294 1769 373 1835 patet
401 1758 441 1818 ΙΙ.
469 1759 712 1835 paralipomenon
740 1777 779 1817 rx.
808 1768 837 1816 et
865 1759 949 1830 infra,
974 1758 1042 1818 ideo
1068 1758 1240 1847 dissipatum
1269 1761 1412 1817 et2Chr·¹

84 1827 127 1868 ”d
135 1827 285 1919 {li‘rsslsgrlssm
294 1866 417 1924 divisum
445 1875 489 1924 est
516 1883 640 1941 regnum
668 1866 729 1923 eius
751 1865 782 1921 in
806 1863 954 1923 Roboam.
997 1864 1077 1924 Sicut
1099 1865 1178 1923 enim
1200 1873 1298 1942 patres

93 1928 173 1979 mul)
293 1982 418 2049 possunt
431 1972 534 2030 mereri
549 1971 623 2042 filiis,
641 1971 682 2029 sic
697 1971 791 2029 eciam
804 1980 927 2047 possunt
945 1971 1087 2030 demereri
1101 1981 1130 2029 et
1143 1981 1298 2048 peccatum

293 2087 414 2155 peccato
442 2077 622 2137 cumulatum
649 2086 735 2153 auget
768 2077 950 2151 demeritum,
981 2077 1143 2154 specialiter
1177 2078 1342 2154 quand015

293 2184 417 2260 populus
447 2201 545 2242 errore
573 2183 649 2260 regis
677 2183 805 2242 declinat
828 2201 845 2241 a
869 2183 934 2259 lege
963 2183 1082 2243 domini.
1125 2182 1199 2242 Ideo
1228 2183 1301 2242 dicit

293 2289 463 2348 Aristoteles
485 2290 515 2347 in
540 2290 614 2348 libro
644 2298 818 2348 secretorum
843 2289 970 2366 capitulo
994 2289 1056 2347 vi⁰¹⁵
1080 2289 1162 2366 quod
1182 2308 1300 2348 summa

86 2417 280 2520 mmet&
293 2396 441 2472 sapiencia
455 2405 498 2454 est
511 2397 542 2453 in
557 2396 639 2472 lege⁶
654 2415 685 2455 se
699 2397 796 2474 ipsum
810 2415 918 2473 regere.
962 2395 993 2454 Si
1006 2399 1086 2455 enim
1097 2397 1156 2455 vita
1170 2397 1248 2473 regis
1263 2397 1300 2456 sit

46 2450 56 2546 l
84 2519 187 2571 kingdom
196 2519 239 2560 wm
295 2501 446 2578 speculum
464 2503 651 2578 turpitudinis
660 2503 801 2562 viciorum
820 2521 942 2561 necesse
962 2513 1006 2561 est
1027 2520 1151 2580 regnum
1171 2503 1297 2561 inficiet

83 2569 199 2672 diffie
294 2609 332 2667 ad
346 2608 479 2666 ultimum
493 2607 657 2667 desolari*
700 2607 779 2667 Nam
796 2618 914 2686 propter
927 2609 1087 2668 iniusticias
1101 2608 1142 2667 sic
1156 2608 1370 2686 multiplisol.

294 2725 374 2774 cates
391 2725 506 2791 oportet
524 2714 605 2792 quod
625 2733 747 2792 regnum
767 2714 804 2774 de
822 2733 881 2773 una
901 2726 987 2791 gente
1002 2715 1250 2775 circumfferatur⁷
1264 2717 1297 2775 in

84 2822 414 2922 pneuwmustbealteram
443 2832 475 2880 ut
505 2821 608 2880 dicitur
632 2820 800 2880 Ecclesiast.
830 2830 875 2880 x0.
917 2821 964 2879 Ex
993 2821 1055 2880 istis
1084 2831 1164 2898 patet
1187 2819 1202 2852 *
1225 2839 1375 2889 eumue,

100 2895 168 2925 nm
294 2947 412 2987 necesse
434 2929 470 2986 sit
487 2928 694 3005 quodcumque
715 2945 839 3002 regnum
860 2928 922 3004 regi
943 2926 1008 3004 lege
1030 2927 1152 3000 domini,
1173 2947 1294 2988 necesse
1304 2919 1405 2970 ΕΜ

293 3045 337 3093 est
353 3053 453 3111 regem
477 3044 505 3093 et
527 3034 668 3111 populum
690 3035 784 3110 ipsam
805 3052 991 3110 cognoscere.
1034 3034 1195 3107 Quomodo
1218 3053 1298 3113 rogo

293 3139 393 3217 leges⁸
418 3150 542 3198 servaret
561 3158 611 3198 rex
628 3139 673 3200 vel
696 3139 821 3216 populus
840 3138 979 3198 mandata
1000 3140 1133 3216 decalogi
1154 3141 1210 3199 nisi
1231 3141 1296 3218 ipsa
1308 3161 1338 3213 ²5

293 3247 481 3322 cognoverit?
495 3255 545 3303 aut
557 3245 740 3322 quommodo
752 3245 869 3303 habebit
882 3245 1025 3304 iusticiam
1035 3246 1080 3304 vel
1090 3246 1243 3306 licenciam
1258 3247 1299 3305 ad

294 3352 350 3409 alia
369 3351 540 3427 temporalia
557 3351 640 3426 regni
659 3360 728 3428 aput
749 3350 848 3409 Deum
865 3350 915 3427 qui
934 3360 977 3409 est
994 3350 1061 3409 fons
1078 3353 1167 3410 totius
1185 3352 1298 3412 iusticie

84 3483 254 3525 mmmmm
294 3458 350 3516 nisi
369 3457 522 3516 servaverit
540 3457 657 3533 legem?
679 3456 752 3516 ldeo
774 3467 817 3515 est
840 3476 892 3533 per
911 3475 942 3515 se
961 3467 1065 3516 notum
1087 3477 1125 3516 ex
1148 3458 1299 3535 principiis

84 3535 216 3634 iiidiiiif
295 3564 362 3624 fidei
376 3564 458 3642 quod
471 3581 589 3622 necesse
603 3572 647 3621 est
661 3581 715 3639 pro
732 3563 939 3641 cuiuscumque
956 3563 1039 3639 regni
1058 3564 1199 3640 regimine
1214 3565 1298 3640 quod

295 3670 353 3728 sint
376 3670 512 3730 doctores
536 3679 564 3728 et
583 3668 726 3729 cultores⁹
751 3668 823 3742 legis
846 3668 950 3741 diune,
973 3669 1036 3727 sine
1057 3667 1113 3728 hoc
1133 3670 1212 3727 enim
1233 3687 1340 3750 non30

295 3774 471 3851 regulabitur
485 3774 532 3832 lex
553 3773 691 3845 humana,
708 3774 769 3831 sine
784 3773 841 3833 hoc
857 3791 918 3833 non
933 3774 1147 3832 constituuntur
1168 3774 1298 3850 populus

294 3898 419 3957 regnum
441 3880 486 3938 vel
509 3879 726 3937 continuabitur
748 3878 806 3938 alia
830 3879 979 3955 possessio
1003 3898 1070 3938 vere
1095 3879 1179 3938 iusta.
1221 3879 1298 3939 Ideo

294 4004 412 4046 necesse
429 3995 473 4044 est
492 3985 529 4043 ad
547 3984 678 4060 regimen
696 3986 779 4059 regni
800 3985 879 4062 quod
897 3986 954 4044 sint
971 3986 1107 4045 doctores
1123 3984 1208 4044 huius
1222 3986 1298 4062 legis

326 4141 513 4205 ¹legem‚n,s.
563 4142 750 4205 'em.sunt‚a.
801 4143 873 4193 ἀπε.
885 4161 908 4205 a,
920 4157 946 4194 A.
997 4143 1257 4211 ‘etentpestequis
1271 4157 1297 4194 u.

294 4223 347 4272 ⁵x⁰
353 4231 403 4288 pro
414 4225 450 4272 vi⁰
461 4237 489 4284 Α,
501 4236 524 4274 13.
575 4225 664 4288 ⁶rege,
678 4236 701 4277 Β.
751 4223 862 4276 'inalt
875 4227 1041 4276 transferatur.
1093 4226 1188 4290 'leges
1199 4242 1246 4276 em.
1260 4239 1298 4288 Α;

294 4305 352 4368 legi,
365 4316 396 4365 B;
415 4322 479 4356 corr.
491 4306 542 4356 edd.
609 4307 619 4337 ⁹
635 4322 681 4357 em.
694 4314 717 4357 et
730 4308 844 4368 cultores,
856 4321 882 4358 Α.
