2828 5048
592 416 641 464 DE
665 414 812 467 OFFICIO
836 415 954 466 REGIS.

273 576 361 634 morti
384 593 415 634 se
437 592 585 650 exponere
610 592 677 633 curn
706 592 795 633 nemo
822 574 896 633 iuste
924 583 1045 650 gwerrat
1069 573 1133 632 sine
1161 572 1273 632 iusticia

272 700 360 741 cause
377 680 391 712 *
406 700 461 759 pro
477 678 551 759 qua¹
566 681 694 739 moriens
708 680 780 740 foret
798 683 904 740 martir.
945 682 991 740 Ex
1013 681 1075 741 istis
1092 681 1273 742 convincitur
1281 699 1312 746 55
1322 710 1339 745 ο,

271 788 352 866 quod
367 788 455 847 occisi
470 787 637 846 altrinsecus
655 790 835 847 occumbunt
855 787 911 846 nisi
931 790 1079 865 peniteant
1099 788 1272 847 detestando

269 890 411 954 martirio.
446 894 523 953 Item
537 895 688 970 supposito
703 894 783 970 quod
797 895 931 971 princeps
945 897 1091 954 exercitus
1105 895 1142 953 sit
1157 894 1272 953 aliunde

272 1004 367 1062 nunc²
378 1003 439 1061 sine
453 1003 568 1061 mortali
581 1014 677 1078 preter
688 1002 744 1061 hoc
756 1002 836 1079 quod
848 1002 962 1060 affectat
973 1011 1087 1060 tantum
1098 1001 1271 1072 dominium,
1282 1023 1295 1072 5

63 1126 253 1237 pppnpffiaffi
274 1120 344 1169 tunc
366 1127 434 1168 cum
457 1110 502 1167 ius
524 1109 727 1168 hereditarium
750 1129 802 1187 per
824 1127 855 1190 se
878 1127 938 1168 non
957 1108 1069 1179 sufficit,
1091 1117 1172 1185 patet
1193 1108 1274 1184 quod

63 1229 241 1330 filiiflii&
272 1226 389 1293 oportet
417 1216 512 1292 ipsum
540 1213 647 1273 habere
675 1225 808 1273 sanctum
843 1216 1025 1293 propositum
1059 1214 1098 1273 ad
1132 1214 1275 1291 populum

62 1329 242 1388 baschosenbivr
275 1331 469 1398 conquestum
496 1321 527 1378 in
549 1320 614 1396 lege
642 1320 764 1380 Domini
792 1322 903 1380 reccius
938 1321 1138 1398 regulandum.
1198 1321 1276 1380 Cum

63 1380 96 1421 sor
105 1380 128 1430 it,
137 1381 179 1421 and
189 1394 212 1420 so
222 1393 239 1419 sr
255 1392 265 1418 s

60 1429 228 1522 {glfissfflilsssffl
273 1431 359 1508 Igitur
381 1428 451 1486 illud
472 1446 547 1486 onus
570 1430 685 1504 ignorat
707 1438 893 1504 conquestor,
909 1428 1020 1485 videtur
1034 1427 1114 1504 quod
1128 1428 1274 1504 ambiguis

94 1489 206 1532 certainty.

273 1535 393 1612 exponit
408 1552 439 1594 se
454 1533 538 1593 stulte
552 1534 679 1611 periculo
693 1534 775 1592 etsie
789 1543 899 1610 peccat.
941 1533 1037 1592 Debet
1056 1535 1136 1592 enim
1155 1535 1274 1592 credere
1285 1552 1311 1590 ιο

274 1640 354 1719 quod
376 1641 505 1700 officium
529 1641 599 1698 illud
621 1658 681 1698 non
706 1639 779 1699 foret
800 1640 908 1698 lIcitum
930 1640 985 1698 nisi
1007 1639 1090 1699 Deus
1114 1641 1213 1716 ipsum
1238 1640 1275 1698 ad

273 1748 343 1807 illud
364 1749 490 1824 eligeret,
506 1748 586 1824 quod
608 1748 731 1823 ignorat.
784 1746 860 1805 Item
894 1748 1015 1823 quando
1035 1747 1190 1806 imminent
1218 1748 1276 1806 duo

274 1854 353 1913 bella
377 1873 503 1932 quorum
526 1864 682 1930 utrumque
711 1854 872 1912 debilitaret
893 1854 1026 1913 virtutem
1056 1853 1093 1912 ad
1121 1854 1275 1930 reliquum,

67 1961 383 2025 roraverywanrorbellum
412 1962 509 2019 miuus
537 1971 580 2020 est
609 1961 728 2019 caucius
762 1945 1008 2037 postponendum.
1064 1959 1123 2019 Sed
1158 1961 1276 2019 cuilibet

65 2025 124 2066 there
129 2025 266 2075 isaspiritual

65 2077 241 2176 ffigpgffin
274 2068 376 2127 viatori
389 2067 552 2144 gwerratim
567 2066 795 2142 inseparabiliter
810 2067 993 2142 coniungitur
1007 2066 1117 2125 bellum
1128 2066 1275 2143 spirituale
1286 2080 1312 2131 15

66 2176 103 2217 ‘he
112 2176 192 2226 Μὶν·
274 2176 305 2233 in
319 2174 456 2247 animam,
472 2173 587 2250 gravius
601 2192 636 2232 ac
646 2173 834 2249 periculosius
848 2173 894 2231 in³
905 2174 1047 2231 infinitum
1062 2191 1151 2250 quam
1165 2173 1276 2232 bellum

275 2282 414 2358 corporis.
454 2280 546 2356 Igitur
569 2299 637 2340 cum
660 2280 730 2338 illud
752 2282 911 2356 aggravat⁴
930 2281 1009 2357 prius
1031 2281 1140 2340 bellum
1164 2281 1277 2339 videtur

273 2387 355 2465 quod
383 2396 500 2464 propter
528 2387 679 2444 vitandum
713 2386 875 2462 periculum
909 2387 1005 2463 ipsum
1036 2388 1071 2446 sit
1099 2387 1276 2464 prudencius

274 2505 341 2572 post
363 2495 543 2570 ponendum.
586 2492 624 2550 Et
649 2493 687 2551 ad
711 2494 796 2551 istum
822 2512 940 2551 sensum
963 2504 1114 2570 exponunt
1138 2495 1276 2552 doctores

273 2601 344 2659 illud
359 2602 470 2659 dictum
485 2600 541 2659 Iob
556 2599 585 2657 xl
599 2599 737 2657 Memento
752 2600 817 2658 belli
826 2606 853 2657 et
864 2619 919 2658 non
933 2602 1022 2657 addas
1036 2602 1183 2675 quicquam
1199 2603 1276 2659 ultra
1285 2598 1328 2662 job
1337 2588 1389 2642 ΚΜ·

67 2725 251 2778 rorergnnanons
276 2709 357 2783 loqui.
399 2708 475 2766 Item
491 2725 542 2783 per
556 2724 587 2764 se
609 2716 712 2764 notum
736 2706 821 2764 debet
845 2725 908 2764 esse
931 2706 1008 2764 fideli
1031 2724 1119 2783 quem
1141 2707 1276 2784 alloquor

65 2778 142 2819 should
151 2777 202 2827 only
211 2777 237 2817 be

65 2814 357 2919 {ssssffssffioss'fosshei'quo‘i
371 2832 431 2872 uon
445 2814 511 2872 licet
526 2813 567 2872 sic
581 2813 716 2871 invadere
734 2811 909 2889 alienigenas
923 2813 977 2870 nisi
992 2822 1111 2890 propter
1124 2814 1291 2883 caritatem¹

64 2928 224 2981 improvement.
276 2920 442 2978 habendam
459 2918 497 2977 ad
518 2919 599 2996 ipsos
613 2919 657 2977 vel
680 2929 711 2976 ut
734 2928 938 2978 convertantur
952 2919 996 2977 vel
1018 2930 1051 2978 ut
1071 2921 1168 2978 minus
1190 2921 1275 2997 puni-

65 3042 136 3082 Three
144 3040 216 3092 points
224 3040 249 3081 or
275 3037 368 3084 antur.
410 3026 468 3084 Sed
482 3025 621 3083 mirantur
641 3025 740 3084 fideles
761 3025 798 3084 de
819 3027 1004 3101 perversione
1025 3026 1134 3085 ordiuis
1149 3027 1276 3086 caritatis

66 3094 238 3192 de'dedtin·
274 3133 304 3191 in
326 3132 427 3190 tribus
470 3132 577 3204 Primo,
602 3150 692 3208 quare
717 3151 778 3191 uon
801 3133 897 3208 primo
922 3142 1064 3208 temptant
1088 3150 1120 3191 se
1142 3132 1223 3209 ipsos
1246 3142 1275 3191 et
1285 3151 1314 3200 ²5

66 3193 240 3295 ὺνῗὲίῖηαῗῗιοᾚὲ·
274 3249 391 3316 gentem
415 3256 498 3296 suam
522 3238 664 3314 corripere
686 3257 753 3298 cum
776 3238 885 3296 inimici
911 3238 1085 3297 cmdeliores
1107 3238 1319 3298 hominibusN·

276 3355 343 3403 sunt
363 3345 479 3421 ipsimet
492 3353 520 3403 et
535 3345 579 3403 sui
594 3345 743 3404 domestici
765 3364 866 3404 eorum
888 3344 1018 3403 dominio
1032 3344 1080 3402 et⁶
1095 3346 1349 3404 correccioniond

66 3473 137 3516 atrse
149 3473 231 3533 better·
276 3451 341 3529 plus
356 3452 422 3529 apti.
467 3451 610 3523 Secundo,
627 3469 717 3528 quare
731 3469 791 3510 uon
805 3450 966 3528 procedunt
987 3461 1019 3509 ut
1032 3451 1083 3508 viri
1105 3452 1276 3528 ewangelici
1378 3438 1381 3447 ¹

66 3524 244 3617 mannen
277 3558 479 3635 corripiendo⁶
492 3576 543 3616 eos
561 3556 659 3616 medio
680 3558 799 3634 apciori.
841 3556 934 3635 (Nam
954 3556 1083 3628 facillius,
1099 3557 1276 3618 caritativius

274 3674 304 3724 et
327 3664 483 3723 allectivius
505 3664 579 3724 soret
601 3665 643 3723 eis
668 3665 801 3722 iniuriam
823 3673 915 3722 totam
938 3673 967 3722 et
991 3663 1207 3722 restitucionem
1230 3684 1316 3735 re-30

275 3771 387 3829 mittere
410 3789 499 3846 quam
523 3770 737 3829 restitucionem
760 3779 819 3828 tam
838 3769 973 3845 ambigue
988 3788 1080 3846 usque
1095 3768 1132 3827 ad
1148 3779 1274 3829 mortem

275 3879 399 3953 exigere.
452 3877 528 3935 Illud
555 3895 625 3953 ergo
652 3877 862 3954 augmentum⁷
884 3875 1010 3934 caritatis
1037 3875 1165 3952 prevalet
1192 3878 1275 3936 omni

275 3983 428 4060 temporali
444 3982 573 4042 dominio
589 3984 669 4060 quod
689 3992 807 4060 propter
829 3982 1016 4060 cupiditatem
1036 3991 1143 4041 temere
1165 3993 1276 4060 preter·

307 4155 317 4184 ¹
334 4171 381 4220 que
393 4163 442 4220 pro
459 4171 515 4220 qua,
527 4166 553 4205 A.
645 4153 655 4182 ²
672 4154 773 4204 aliunde
788 4169 860 4216 nunc,
873 4154 924 4202 ord.
937 4154 991 4202 inv.
1003 4165 1027 4201 Β.
1114 4151 1124 4180 ³
1141 4153 1175 4211 in,
1187 4170 1235 4203 om.
1248 4168 1273 4206 n.

275 4234 285 4263 ⁴
296 4241 445 4298 aggravatur
452 4241 501 4299 pro
512 4241 640 4298 aggravat,
652 4246 678 4282 A.
745 4233 754 4261 ⁵
765 4234 869 4281 domino
875 4239 924 4296 pro
937 4233 1049 4281 dominio
1061 4239 1094 4292 et,
1106 4245 1132 4280 Α.
1200 4231 1209 4259 ⁶
1221 4249 1274 4284 cor-

276 4313 379 4375 rigendo
391 4319 439 4376 pro
451 4312 613 4376 corripIendo,
626 4323 650 4362 B.
725 4309 735 4338 ⁷
751 4318 927 4374 augumentum
939 4318 988 4375 pro
1000 4318 1167 4374 augmentum,
1179 4322 1207 4361 Α.
