2828 5048
102 435 163 495 114
624 433 672 481 oa
696 431 842 482 orrrcro
865 431 982 481 naurs.

98 598 299 702 fflququtvpslppy
308 588 438 649 seculum
453 588 491 648 ad
504 590 780 668 preponderandum
788 591 962 650 tradiciones
974 607 1041 649 suas
1055 589 1112 666 legi
1127 588 1305 665 evangelice,

97 701 376 803 ffifflffissfflffifflnc
403 715 538 774 perverso
565 698 666 757 ordine
694 707 817 774 possunt
844 698 901 757 dici
934 698 1081 774 regulares
1116 696 1311 773 irregulariter

97 797 160 854 rum
307 805 434 862 viventes
457 814 486 862 et
508 805 634 881 religiosi
655 805 736 863 nudo
757 805 877 864 nomine
898 805 1028 863 seculum
1049 804 1225 864 deserentes.
1269 805 1312 862 Et

307 912 343 970 de
357 912 462 970 talibus
482 912 638 988 yppocritis
652 911 857 988 prophetatum
874 921 926 982 est,
943 920 1004 970 tam
1019 912 1204 987 inscriptura
1225 928 1312 969 sacra

308 1037 396 1095 quam
417 1020 447 1077 in
469 1019 661 1095 spiritualibus
676 1017 841 1095 prophetiis,
856 1036 893 1076 ne
913 1017 981 1077 suco
997 1019 1125 1076 nominis
1147 1019 1335 1080 sanctitatiss

307 1125 439 1184 diabolus
464 1125 613 1184 ecclesiam
642 1125 729 1184 Cristi
754 1125 884 1201 decipiat.
929 1124 1050 1200 Signum
1079 1135 1175 1183 autem
1204 1125 1310 1184 talium

98 1231 389 1303 Thssesreneitherloret,
418 1231 497 1308 quod
521 1233 646 1290 viventes
670 1233 701 1290 in
724 1251 754 1291 se
782 1231 948 1291 seculariter
965 1228 1118 1290 deserant¹
1141 1232 1308 1307 primevam

98 1286 149 1327 read
173 1295 196 1327 to
220 1286 239 1326 ie
249 1287 269 1327 in

98 1300 186 1378 desegce
195 1287 298 1391 §rossel
306 1340 393 1397 vitam
411 1339 611 1415 apostolicam,
626 1349 655 1397 et
675 1349 794 1416 propter
815 1337 1085 1398 confederacionem
1106 1356 1174 1397 cum
1194 1338 1311 1398 mundo

96 1387 299 1539 Ξξὲὴῖῗᾙὴωῑ
307 1445 345 1503 ad
366 1445 596 1505 continuandum
621 1445 696 1504 hanc
717 1446 804 1504 vitam
832 1463 894 1503 non
916 1445 1041 1504 audeant
1062 1462 1115 1521 pro
1137 1444 1311 1504 defensione

307 1552 432 1610 veritatis
444 1551 616 1628 ewangelice
625 1569 718 1627 usque
727 1552 765 1610 ad
779 1563 904 1610 mortem
913 1570 943 1610 se
955 1549 1120 1627 opponere²
1130 1551 1169 1609 si³
1180 1562 1309 1627 oportet,
1321 1574 1353 1612 ιο

307 1677 361 1717 nec
384 1658 531 1717 veritatem
554 1657 640 1728 illam,
657 1657 702 1717 vel
722 1678 759 1716 ex
781 1658 950 1734 ignorancia
969 1656 1014 1716 vel
1035 1657 1153 1730 desidia,
1176 1658 1309 1717 audeant

307 1767 368 1824 sine
385 1764 549 1841 duplicitate
571 1765 686 1841 publice
700 1765 855 1841 predicare.
898 1763 987 1835 Quod
1002 1764 1025 1822 si
1039 1764 1184 1823 seculares
1205 1764 1308 1824 clerici
1375 1779 1377 1783 ·

308 1884 341 1931 2⁰
363 1873 454 1931 modo
482 1872 616 1931 intellecti
644 1872 752 1931 faciunt
774 1871 885 1930 fidelius
908 1871 977 1946 ipsis
998 1871 1207 1942 claustralibus,
1232 1881 1308 1931 tunc

307 1979 428 2038 suntin
452 1988 527 2037 statu
553 1978 718 2054 perfecciori
746 1989 775 2037 et
796 1979 893 2036 vivunt
920 1977 1099 2036 conformius
1126 1977 1183 2054 legi
1212 1977 1309 2038 Cristi.

98 2085 146 2126 The
155 2092 240 2128 l⁰¹¹⁵¹¹¹⁸
249 2087 292 2146 end
308 2085 430 2146 Constat
443 2085 570 2162 quidem,
587 2096 737 2162 tamquam
751 2104 804 2160 per
818 2103 850 2144 se
864 2094 967 2143 notum
981 2083 1121 2155 fidelibus,
1133 2084 1214 2161 quod
1227 2086 1310 2143 varia
1319 2096 1350 2146 15

98 2137 160 2178 other
168 2147 271 2178 monastic

98 2193 408 2278 ffl⁵t0ffl⁸m³lllf⁰rcapitis
430 2193 515 2264 rasio,
540 2193 670 2269 corporis
689 2192 786 2268 dispar
809 2192 935 2264 inducio,
958 2201 986 2249 et
1007 2192 1045 2250 ad
1065 2193 1136 2249 ritus
1157 2209 1308 2267 preewan-

98 2238 247 2279 fitaccidental
273 2268 278 2287 ,

98 2253 290 2380 ξζζῃξὸχζξξζῇξώ
307 2299 415 2375 gelicos
450 2301 559 2375 privata
589 2300 742 2376 obligacio,
779 2299 844 2358 licet
880 2298 1055 2375 quandoque
1090 2298 1221 2374 prosint*
1257 2317 1311 2374 per

98 2389 198 2433 ¹¹⁰¹³¹¹⁹⁵⁵·
308 2406 452 2476 accidens
480 2415 547 2464 sunt
576 2407 784 2482 inpertinencia
820 2406 971 2465 sanctitati.
1014 2405 1049 2463 In
1080 2405 1162 2463 cuius
1188 2404 1308 2481 signum

308 2511 420 2572 Cristus
444 2512 569 2589 apostoli
596 2513 726 2571 martires
748 2523 776 2571 et
800 2511 990 2583 confessores,
1013 2513 1068 2570 sub
1090 2512 1195 2588 quibus
1216 2512 1309 2571 crevit

306 2620 436 2692 ecclesia,
460 2629 541 2679 erant
564 2630 645 2678 extra
667 2620 738 2677 istos
766 2619 891 2695 privatos
915 2619 1033 2677 ordines
1062 2618 1352 2695 quoddammodoao

307 2727 457 2797 seculares,
479 2728 509 2784 in
533 2736 646 2785 tantum
665 2725 746 2802 quod
766 2726 946 2800 Augustinus
968 2725 999 2782 in
1023 2725 1146 2801 epistula
1167 2724 1205 2782 ad
1227 2726 1307 2783 cives
1316 2731 1402 2807 Aug*

306 2852 491 2910 ypponenses
505 2843 623 2892 testatur
642 2833 723 2909 quod
737 2850 798 2890 non
812 2832 881 2890 vidit
895 2833 1008 2908 peiores
1028 2832 1238 2903 claustralibus
1255 2833 1308 2891 sed
1316 2796 1412 2845 lxxvui.

100 2944 269 2986 Theobedience
307 2940 384 3010 vidit,
413 2939 478 2998 licet
506 2949 642 3011 rarenter,
668 2941 699 2997 in
728 2939 828 2998 seculo
855 2939 997 2998 meliores.
1038 2939 1078 2997 Et
1102 2949 1247 3015 quantum
1269 2938 1355 2998 adx

99 2997 145 3036 also
151 2997 176 3036 ol
180 2997 272 3036 seculars
282 2996 300 3036 is

56 3094 62 3147 Ι
99 3047 289 3148 ffi‘poarffigee‘g
308 3047 508 3105 obedienciam
536 3056 615 3122 patet
644 3047 724 3122 quod
753 3046 921 3104 obediencia
953 3055 1053 3105 nostra
1079 3055 1123 3104 est
1151 3047 1309 3118 extensior,

99 3148 268 3249 {Regggslffisfff
308 3153 432 3220 liberior,
462 3151 476 3183 *
506 3163 535 3211 et
563 3153 731 3212 obediencie
765 3152 963 3229 apostolorum
991 3152 1176 3213 conformior.
1225 3151 1310 3212 Nam
1319 3169 1356 3215 π
1367 3169 1395 3216 b.

308 3260 405 3336 posito
427 3260 507 3336 quod
534 3260 705 3319 indiscretus
729 3261 820 3318 abbas
844 3259 976 3334 iniungat
1000 3259 1147 3318 monacho
1177 3258 1310 3319 officium

309 3367 404 3426 sterile
417 3366 481 3426 vel⁶
498 3367 617 3426 servicio
636 3367 732 3426 debito
754 3367 810 3425 deo
832 3367 1018 3439 contrarium,
1034 3375 1083 3425 aut
1103 3365 1258 3442 prohibeat
1272 3368 1312 3425 ab

309 3493 397 3552 opere
419 3475 499 3552 quod
517 3474 678 3533 monachus
701 3476 752 3532 scit
774 3472 834 3531 fore
858 3472 896 3531 ad
917 3473 1059 3531 maiorem
1080 3472 1244 3549 profectum
1267 3475 1313 3534 sui

307 3592 394 3658 atque
416 3582 534 3641 ecclesie
559 3599 648 3658 quam
672 3579 749 3638 aliud
770 3598 846 3656 opus
871 3580 1042 3649 iniunctum,
1065 3581 1150 3639 debet
1171 3581 1312 3656 prudenti

308 3689 475 3748 resistencia
495 3689 623 3746 obedire.
669 3686 710 3745 Ut
731 3687 827 3762 posito
848 3685 929 3762 quod
950 3688 1040 3744 abbas
1062 3686 1203 3763 precipiat
1221 3705 1313 3746 mon·
1325 3701 1359 3755 ³0,

308 3795 384 3854 acho
409 3794 632 3870 contemplativo
657 3792 701 3852 vel
728 3793 867 3870 disposito
895 3793 933 3852 ad
961 3792 1171 3870 predicandum
1197 3803 1232 3852 ut
1261 3794 1313 3854 illo

309 3904 428 3961 dimisso
450 3903 566 3979 colligat
594 3902 731 3959 stramina
754 3901 800 3960 vel
822 3901 908 3960 saciat
931 3901 1020 3959 alium
1041 3910 1139 3959 actum
1161 3911 1313 3974 neutrum,

309 4012 375 4071 licet
400 4030 466 4071 cum
494 4011 610 4088 paribus
638 4010 785 4070 monacho
814 4010 979 4071 obediendo
1007 4012 1146 4082 resistere,
1172 4009 1314 4072 faciendo

309 4120 420 4177 bonum
448 4117 528 4194 quod
554 4117 679 4194 prelatus
707 4118 828 4175 mandat
853 4117 997 4194 implicite.
1052 4117 1092 4176 Et
1118 4116 1314 4178 confirmacio

375 4272 557 4330 ¹deserant,a.
630 4271 784 4337 ²exponere,
802 4285 825 4321 B.
891 4273 1005 4335 ³si‚om.
1018 4285 1044 4322 Α.
1111 4272 1234 4336 ‘prosint
1246 4289 1315 4323 corr.

310 4352 374 4400 Edd.
382 4358 430 4414 pro
442 4351 542 4415 profuit,
554 4362 580 4408 Α,
593 4363 616 4402 Β,
684 4353 693 4380 ⁵
709 4350 783 4412 velut,
796 4363 821 4402 Α.
