2828 5048
49 765 70 814 U
104 779 172 807 vrcars
181 767 206 807 ot'

109 394 168 443 122
639 397 688 446 DE
710 396 856 448 OFFICIO
880 396 997 448 REGIS.

104 563 281 665 ,⁰,{„⁶,{‘,¹,',‘3,{⁰¹³'
315 553 460 625 deficiunt,
488 565 517 613 et
551 555 629 613 illam
664 564 837 630 potestatem
872 554 1036 614 immediate
1071 553 1181 614 habent
1208 573 1226 613 a
1251 555 1324 614 deo:

104 666 289 767 ffiiiiiihine
316 661 427 721 Cristus
450 663 528 721 enim
553 661 638 720 simul
660 662 712 720 tuit
733 680 784 720 rex
807 671 837 719 et
858 662 1002 731 sacerdos,
1024 661 1090 720 ideo
1111 662 1208 738 ipsum
1229 672 1319 739 caput

115 729 129 775 Ρ
212 731 294 818 ἕῇώῑ)
315 767 412 826 habuit
421 769 499 828 unde
511 769 700 845 impertiretur
710 769 824 845 utrique
836 768 954 827 brachio
963 778 1144 844 potestatem.
1174 768 1232 828 Sed
1241 789 1319 847 papa

314 893 381 934 cum
396 893 455 934 non
470 875 557 934 habet
571 876 612 934 sic
632 884 806 952 potestatem
820 875 954 952 portandi
970 876 1102 952 gladium
1115 876 1241 936 vindicte
1256 895 1317 936 non

314 980 364 1039 dat
374 981 471 1058 ipsum
486 981 606 1040 domino
618 982 748 1053 seculari,
764 979 864 1041 sicud¹
885 1001 940 1041 nec
954 983 1092 1058 graciam,
1108 982 1161 1041 sed
1174 984 1339 1050 ministrate

104 815 123 858 is
132 817 225 858 evident.

313 1089 452 1164 ungendo
466 1089 510 1148 vel
525 1089 595 1147 alias
609 1089 824 1165 solempnitates
838 1089 1007 1148 adinventas
1022 1098 1117 1166 preter
1135 1092 1315 1150 necessarias

313 1194 499 1254 conterendo.
541 1194 579 1253 Et
593 1195 661 1254 hinc
675 1196 832 1254 innotescit
845 1195 954 1272 populo
975 1195 1056 1273 quod
1078 1216 1204 1273 persona
1225 1215 1315 1274 quam

314 1302 385 1360 deus
399 1303 478 1378 prius
497 1304 684 1379 acceptaverit
706 1303 741 1362 sit
762 1304 932 1380 Imperator,
947 1322 1007 1375 rex,
1027 1303 1087 1362 dux
1104 1304 1149 1364 vel
1169 1304 1314 1376 dominus,

315 1409 374 1467 dati
402 1410 522 1468 dominii
550 1409 696 1469 secularis
738 1409 786 1468 Ex
814 1411 869 1470 ista
893 1411 1004 1469 videtur
1032 1389 1181 1470 sentencia
1208 1412 1314 1471 decreti
1323 1417 1401 1465 Deerit.

104 1529 148 1622 {32ss
147 1529 282 1631 3333OE
314 1516 390 1573 xxiii.
401 1535 427 1593 q.
437 1517 483 1574 vri
495 1517 524 1574 rn
539 1517 688 1593 principio.
724 1516 770 1574 oe
782 1519 921 1593 epicopo,
933 1518 1033 1594 inquit,
1045 1519 1091 1576 eir
1101 1519 1314 1594 quanicumque
1322 1483 1410 1613 {titt-,¹¹

104 1625 430 1723 mecrggsigsctearclericis,
446 1626 521 1698 quod
532 1644 579 1680 nec
595 1643 647 1681 sua
666 1626 828 1681 auctoritate
849 1644 897 1682 nee
910 1622 1058 1682 Romani²
1072 1626 1218 1702 pontificis
1232 1646 1314 1684 arma

104 1731 289 1833 {ffidssssfiss
314 1734 423 1808 eripere
450 1734 568 1802 valeant,
593 1733 689 1810 facile
715 1733 861 1808 probatur.
916 1732 987 1791 Cum
1022 1734 1093 1790 enim
1125 1734 1240 1804 Petrus,
1268 1735 1320 1809 qui

103 1832 440 1935 {¹{{⁵,{',‘'c¹h{„²g¹¹{¹,sbypt²'⁷¹stp³
474 1841 658 1916 apostolorum
692 1859 712 1896 a
741 1841 848 1898 domino
870 1841 980 1916 fuerat
1008 1841 1112 1911 electus,
1143 1842 1315 1898 materialem

104 1933 141 1976 ⁸¹¹⁸
150 1934 257 1986 Apostles.
311 1948 442 2022 gladium
456 1953 602 2018 exerceret,
614 1953 646 2004 ut
658 1948 824 2022 magistrum
835 1966 854 2002 a
865 1944 1015 2004 Iudeorum
1026 1947 1183 2023 defensaret
1195 1949 1312 2020 iniuria,

315 2055 443 2111 audioit:
469 2053 622 2112 ‘Converte
637 2052 793 2129 *gladium
814 2060 892 2110 tuum
914 2054 944 2109 in
965 2055 1109 2129 vaginam,
1132 2057 1223 2112 omnis
1234 2051 1410 2113 ‘eni'rnl'0L1³8

314 2163 367 2236 qui
371 2162 502 2237 gladium
516 2163 652 2236 acceperit
658 2161 758 2236 gladio
770 2157 891 2236 peribit?
934 2161 980 2218 Ac
993 2160 1038 2217 si³
1052 2167 1145 2236 aperte
1158 2164 1261 2220 diceret
1272 2165 1314 2222 ei:

314 2274 425 2325 actenus
439 2268 492 2324 tibi
501 2269 608 2342 tuisque
619 2267 856 2342 predecessoribus
869 2268 995 2325 i'rii'rni'cos
1008 2269 1055 2325 dei
1065 2270 1210 2343 corporali
1216 2271 1313 2345 gladio

314 2377 396 2433 licuit
401 2376 553 2450 persequi,·
576 2376 698 2450 deinceps
713 2377 742 2432 in
756 2376 911 2449 exemplum
926 2376 1069 2450 paciencia
1080 2377 1212 2451 gladium
1227 2383 1312 2448 tuum,

315 2485 348 2541 id
358 2491 399 2542 est
409 2483 463 2540 tibi
473 2489 584 2539 actenus
598 2501 759 2552 concessum,
772 2484 803 2539 iri
814 2483 949 2557 vaginam
963 2489 1087 2539 converte
1100 2489 1127 2539 et
1139 2485 1314 2558 spiritualem

315 2597 421 2649 tantum
429 2591 560 2666 gladium
569 2590 589 2660 ⁴,
603 2591 656 2665 qui
664 2595 705 2646 est
716 2589 828 2646 verbum
843 2590 893 2660 dei,
906 2591 936 2645 in
951 2591 1142 2646 mactaei'onem
1153 2593 1252 2648 veteris
1262 2593 1314 2649 vile
1322 2603 1350 2638 ²0

313 2718 418 2757 exerce.
463 2697 561 2755 Omnis
574 2699 644 2753 enim
659 2698 711 2771 qui
724 2703 818 2771 preter
832 2696 911 2752 illum
926 2696 971 2753 ael
988 2698 1179 2754 auctoritatem
1194 2699 1253 2755 ei'ies
1266 2699 1317 2773 qui

314 2807 436 2881 legitima
444 2810 576 2880 potestate
594 2807 691 2874 utitur,
707 2805 765 2878 qui,
780 2809 813 2860 ut
831 2805 875 2860 ait
893 2803 1040 2879 apostolus,
1063 2808 1133 2861 ‘non
1153 2806 1213 2861 sine
1226 2825 1314 2862 causa

310 2914 440 2988 gladium
459 2909 575 2988 portat,’
600 2914 649 2968 cui
667 2913 751 2968 eciam
777 2913 865 2969 omnis
889 2913 985 2968 anima
1009 2912 1119 2969 subdita
1141 2932 1198 2970 esse
1216 2915 1313 2984 debet,·

314 3021 410 3090 omnis,
427 3021 551 3094 iuquam,
567 3021 619 3094 qui
627 3025 723 3095 preter
737 3021 795 3076 eius
808 3021 999 3077 auctoritatem
1017 3020 1149 3094 gladium
1170 3024 1314 3097 acceperit,

309 3128 408 3203 gladio
427 3127 539 3202 peribit.
585 3126 663 3183 Unde
684 3126 871 3184 Ambrosius:
891 3126 986 3183 Arma
1010 3129 1130 3202 episcopi
1150 3128 1269 3186 lacrime
1289 3136 1351 3200 eti5

312 3236 453 3293 oraciones
473 3240 544 3292 sunt.
587 3233 655 3291 Item
671 3234 745 3291 illud
750 3234 760 3266 ⁵
775 3235 894 3309 apostoli
906 3232 990 3292 ‘Non
1004 3242 1106 3292 vosmet
1124 3236 1198 3311 ipsos
1218 3238 1312 3314 defen-
1321 3247 1355 3295 D.

312 3344 402 3399 dentes
423 3339 584 3413 karissimi','
599 3343 728 3417 quamvis
749 3341 873 3398 omnibus
896 3343 1065 3417 generaliter
1085 3344 1204 3414 dicatur,
1227 3347 1315 3419 speci·

101 3443 289 3545 (ἵξζξιζξῇζζξῐ
312 3451 395 3508 aliter
414 3456 504 3506 tamen
519 3450 640 3524 prelatis
660 3449 827 3524 intelligitur
848 3450 958 3506 dictum.
999 3448 1045 3506 Ex
1066 3449 1121 3507 isto
1139 3459 1220 3508 textu
1243 3453 1316 3510 mihi

57 3568 60 3579 ·
102 3543 303 3646 ffilrssffinfiffls
311 3559 422 3616 videtur
435 3557 530 3633 primo
544 3555 625 3632 quod
638 3574 694 3614 nec
709 3554 874 3613 sacerdotes
888 3574 942 3613 nec
957 3556 1088 3632 episcopi
1101 3567 1168 3633 post
1181 3569 1311 3617 mortem

102 3647 298 3744 ffiissss‘sfffssffffig,
312 3665 397 3724 Cristi
417 3671 581 3741 pugnarent
603 3662 789 3738 corporaliter
809 3661 839 3718 in
860 3680 986 3738 persona
1007 3663 1124 3739 propria
1144 3663 1238 3722 eciam
1257 3681 1353 3742 proso

102 3748 396 3839 {tissffisffaffsstgmbonis
418 3771 595 3830 naturalibus
618 3769 842 3841 defendendum,
866 3781 894 3828 et
914 3763 1006 3830 'multo
1030 3771 1127 3828 minus
1147 3790 1201 3848 pro
1223 3774 1313 3833 bonis

102 3849 290 3947 {iiiitridm
311 3878 517 3955 temporalibus
530 3876 577 3936 vel
590 3877 732 3952 primatu3
752 3894 820 3935 cum
834 3876 937 3936 Petrus
947 3878 1110 3955 increpatus
1123 3888 1169 3936 est
1182 3898 1200 3936 a
1214 3878 1313 3940 Cristo

311 3987 380 4062 quia
400 3984 489 4044 voluit
512 3985 601 4043 vitam
623 3985 684 4042 eius
708 3983 749 4042 sic
771 4001 839 4042 cum
861 3984 958 4061 gladio
979 3985 1127 4044 materiali.
1168 3985 1207 4044 Et
1232 3997 1314 4063 patet

312 4093 391 4169 quod
413 4111 474 4151 non
498 4091 640 4168 sequitur:
667 4091 696 4149 Si
719 4091 798 4149 licuit
819 4093 913 4169 moysi
935 4092 1071 4165 Samueli,
1093 4091 1267 4153 Machabeis
1283 4105 1315 4154 et

344 4231 414 4280 ¹sed
426 4239 475 4294 pra
490 4230 568 4289 sicud,
580 4240 607 4278 Α.
684 4228 822 4291 ‘Racioni
837 4241 862 4279 Α.
939 4229 994 4291 ³si,
1010 4244 1095 4282 omn.
1174 4231 1312 4296 *gladium

313 4315 417 4369 tantum,
430 4322 456 4359 Α.
522 4309 532 4338 ⁵
548 4308 617 4358 aliud
626 4315 672 4372 pro
683 4307 753 4368 illud,
765 4320 792 4357 A.
