2828 5048
141 402 204 482 164
666 420 716 470 nu
739 420 888 472 orricio
911 421 1029 472 necis.

137 596 183 681 {Sl
184 588 339 700 Zepplr'rjpciffi
347 577 432 653 igitur
442 578 630 638 beneficiatus
641 580 705 639 talis
716 580 925 639 transmarinus
936 598 998 639 non
1013 588 1127 656 reputat
1142 597 1173 638 se
1188 580 1351 638 subiectum

138 691 325 783 fflglrrebsrgpeon
348 696 449 745 nostro
464 686 681 764 archiepiscopo
694 688 808 746 videtur
825 688 906 765 quod
920 687 965 746 vel
979 688 1089 746 veniret
1110 687 1139 744 in
1154 705 1281 764 persona
1303 704 1355 744 sua

138 791 459 891 ffiggtthlgfffistbvsaciens
478 793 565 852 fidem
579 795 639 870 regi
653 805 686 853 ut
699 795 829 866 domino,
843 795 888 854 vel
909 804 1020 854 careret
1035 795 1084 853 tali
1101 796 1180 871 regis
1198 794 1354 853 beneficio.

138 906 207 986 ⁸22¹
201 893 342 995 afflgssffi
350 898 429 958 Nam
443 900 576 959 omnium
590 902 796 978 temporalium
816 903 899 978 regni
920 912 964 960 est
985 921 1036 959 rex
1059 902 1205 973 dominus,
1222 902 1282 960 sive
1297 902 1354 958 sint

140 993 317 1088 ,ὴζῖξῇζέξζξι
351 1006 471 1078 decime,
483 1008 542 1066 sive
556 1007 612 1066 alia
625 1007 735 1079 iocalia,
748 1027 815 1071 cum
829 1009 865 1066 sit
879 1008 1016 1068 dominus
1030 1009 1161 1085 corporis
1173 1007 1353 1067 clericorum.

140 1137 340 1180 flammeos
353 1112 428 1171 Item
455 1114 480 1171 si
504 1114 614 1173 alienus
638 1115 795 1191 episcopus
822 1113 940 1191 posset¹
965 1115 1039 1173 licite
1067 1124 1242 1191 proventum
1269 1114 1356 1172 unius

139 1189 342 1281 ffiesdsei'ddssdssiay
350 1219 482 1278 beneficii
505 1220 693 1280 ecclesiastici
717 1232 899 1299 extorquere,
923 1222 1046 1280 ditando
1072 1240 1166 1298 regno
1187 1221 1306 1278 inutiles
1328 1229 1356 1279 et

139 1289 223 1342 foreign
231 1291 342 1331 absentees

139 1341 294 1432 {plebrezveefincrgs
293 1341 343 1441 Εἶὲν
350 1337 619 1405 quantumcumque
629 1327 779 1401 inhabiles
792 1348 859 1388 cum
874 1348 935 1389 non
947 1330 982 1387 sit
992 1329 1161 1387 instandum
1172 1329 1203 1385 in
1217 1346 1279 1387 uno
1291 1327 1357 1404 plus

139 1441 441 1534 {itlrffiffiiffiquam
463 1434 493 1491 in
515 1435 628 1511 reliquo
649 1435 760 1493 videtur
783 1436 865 1512 quod
888 1437 987 1495 liceret
1009 1436 1063 1494 sibi
1084 1436 1208 1494 alienare
1228 1434 1356 1493 fructum

139 1542 345 1635 {grfssffigffifgn
353 1541 561 1619 cuiuscumque
582 1543 715 1601 beneficii
743 1544 928 1602 ecclesiastici
948 1544 1033 1629 regni
1054 1543 1146 1602 nostri
1175 1541 1355 1601 conferendo
1365 1560 1396 1596 ιο

139 1643 209 1686 ΟΜΝ
217 1643 327 1696 kinssdm·
353 1648 527 1724 cuicumque
537 1649 656 1708 inimico
666 1650 712 1707 vel
724 1649 842 1708 inhabili
853 1660 885 1708 ut
896 1651 950 1708 sibi
961 1650 1106 1726 placuerit.
1136 1649 1194 1708 Sed
1205 1648 1358 1725 quomodo

351 1764 439 1813 staret
448 1773 571 1832 regnum
580 1757 603 1812 si
613 1773 716 1814 omnes
725 1758 1027 1833 episcopatusomnes
1037 1758 1160 1814 abbatus
1169 1765 1197 1814 et
1205 1757 1359 1832 prioratus

350 1880 456 1920 omnes
469 1862 625 1938 prebende,
639 1881 743 1922 omnes
758 1865 878 1923 rectorie
889 1864 934 1922 vel
949 1863 1127 1940 hospitilarie
1137 1863 1245 1939 Anglie
1260 1870 1359 1921 essent

350 1968 486 2027 translate
500 1968 538 2026 ad
551 1969 733 2045 alienigenas
751 1970 906 2029 inimicos?
949 1969 1063 2028 Revera
1084 1969 1193 2027 nedum
1214 1969 1357 2028 medietas

350 2075 554 2151 temporalium
575 2077 658 2152 regni
679 2077 782 2147 nostri,
796 2076 857 2146 sed,
872 2077 952 2154 quod
973 2077 1088 2153 gravius
1105 2085 1155 2148 est,
1172 2087 1355 2134 crementum
1365 2087 1394 2137 15

351 2182 525 2240 naturalium
552 2184 767 2260 temporalium,
797 2202 914 2243 necnon
942 2193 970 2242 et
1000 2183 1146 2260 spirituale
1174 2182 1357 2258 suffragium,

143 2297 164 2338 lt
173 2296 191 2338 is
200 2296 264 2338 much
277 2288 428 2348 betterforet
443 2309 460 2348 a
474 2308 566 2366 regno
586 2292 723 2350 ablatum.
767 2291 824 2350 Sed
846 2291 935 2368 longe
958 2290 1062 2348 melius
1084 2299 1127 2348 est
1150 2289 1231 2365 quod
1254 2309 1307 2348 rex
1329 2300 1358 2348 et

142 2348 312 2449 ssssiidirffide
354 2415 478 2473 regnum
493 2399 614 2457 aufferat
628 2399 741 2456 bonum
756 2417 840 2457 suum
855 2398 935 2474 quod
950 2398 1075 2474 spoliant
1089 2407 1150 2455 tam
1164 2397 1360 2474 multipliciter

142 2448 609 2581 ldgllgfflwdsdepauperantes²
643 2525 774 2582 regnum,
814 2507 881 2583 quia
916 2496 998 2563 aliter
1037 2505 1199 2563 secundum
1238 2505 1358 2563 beatum

352 2591 554 2670 Bemhardum
582 2612 657 2672 foret
684 2632 736 2671 rex
765 2613 866 2671 similis
896 2631 996 2689 symee
1025 2631 1111 2690 super
1142 2620 1260 2684 tectum,
1290 2612 1359 2688 quia
1368 2637 1395 2672 20

352 2719 488 2778 deficeret
502 2739 538 2778 ex
553 2739 622 2779 ceca
644 2720 831 2778 similitudine
850 2739 868 2777 a
885 2720 1026 2796 precipuo
1039 2720 1179 2796 regimine
1200 2720 1286 2795 regni
1306 2720 1358 2778 sui.

353 2825 413 2884 Sed
435 2837 550 2903 oportet
573 2829 696 2887 omnino
713 2846 817 2904 aspere
843 2828 1000 2901 castigetur
1021 2827 1199 2904 quicumque
1221 2826 1360 2902 indigena

352 2933 445 2992 taliter
467 2935 567 2993 alienis
587 2953 605 2992 a
624 2934 682 2992 fide
704 2943 733 2993 et
754 2935 892 3010 religione
914 2934 1105 2993 consenciens
1119 2934 1165 2992 vel
1187 2951 1359 3011 procurans,

352 3041 450 3101 Debet
464 3042 543 3099 enim
556 3061 608 3100 rex
622 3042 681 3100 suis
694 3041 777 3118 legiis
791 3051 822 3099 ut
835 3051 940 3100 vacent
959 3040 1144 3100 edificatoriis
1158 3041 1241 3116 regni
1257 3040 1358 3101 officiis

353 3159 382 3208 et
404 3148 549 3206 dimittant
571 3158 630 3206 tam
652 3149 841 3225 peregrinum
865 3134 1001 3219 officium,
1016 3147 1162 3207 cassando
1185 3159 1355 3225 preceptum
1365 3162 1391 3214 ²5

351 3256 447 3315 eciam
468 3275 544 3332 pape
559 3255 725 3314 mandantis
746 3256 923 3332 oppositum,
938 3257 1006 3332 quia
1026 3256 1057 3313 in
1078 3255 1133 3314 hiis
1155 3255 1244 3314 debet
1265 3255 1358 3331 legius

143 3371 330 3423 Itisnouserre-
356 3364 433 3439 regis
449 3363 514 3439 plus
534 3363 588 3421 sibi
610 3362 730 3422 obedire
750 3381 840 3440 quam
860 3382 945 3440 pape,
960 3373 992 3420 ut
1009 3371 1087 3439 patet
1103 3381 1139 3420 ex
1155 3362 1251 3422 dictis.
1295 3361 1358 3420 Nec

142 3423 234 3474 tending
242 3424 289 3464 that
298 3423 335 3463 the

143 3475 298 3566 }{‡,⁰{{‘1}{¹fi{{s
294 3475 339 3566 οἷοι
357 3471 433 3531 valet
448 3471 559 3546 fingere
578 3470 658 3546 quod
678 3470 834 3529 translacio
854 3488 1015 3546 paucorum
1029 3468 1239 3528 beneficiorum
1253 3469 1359 3545 Anglie

143 3575 302 3667 ffiggttige
354 3597 415 3637 non
427 3587 554 3648 noceret,
565 3577 660 3653 primo
671 3576 740 3653 quia
751 3577 775 3633 si
785 3576 881 3635 totalis
892 3575 1046 3634 translacio
1060 3584 1166 3633 noceat
1177 3575 1359 3652 aliquantum

144 3676 320 3769 minema
354 3685 451 3745 minor
477 3684 633 3743 translacio
660 3683 776 3742 nocebit
803 3682 1094 3759 proporcionabiliter
1121 3681 1262 3758 spoliatis.
1305 3681 1394 3742 Se-ao

356 3792 462 3864 cund0,
480 3810 547 3851 cum
560 3799 640 3849 tanta
658 3789 771 3848 iusticia
788 3799 843 3847 stat
857 3789 888 3846 in
902 3789 1025 3847 minimo
1045 3791 1125 3848 bono
1145 3798 1177 3846 ut
1199 3790 1330 3849 maximo
1338 3789 1358 3862 ⁸,

355 3909 435 3977 patet
456 3897 555 3974 quod⁴
573 3917 610 3957 ex
625 3897 818 3955 translacione
839 3897 1037 3972 cuiuscunque
1051 3895 1184 3955 beneficii
1205 3896 1362 3954 solveretur

307 4054 313 4068 .
354 4005 513 4082 proditorie
535 4004 647 4062 iusticia
669 4003 767 4080 quoad
789 4003 885 4062 deum.
927 4003 966 4061 Et
980 4004 1069 4061 tercio
1090 4002 1169 4061 idem
1185 4001 1263 4061 soret
1283 4003 1361 4062 flecti

355 4114 385 4169 in
399 4111 587 4172 observancia
600 4110 669 4167 iuris
683 4111 773 4168 nostri
787 4110 886 4188 quoad
900 4110 1054 4167 minimum
1068 4117 1097 4167 et
1110 4109 1216 4167 cedere
1227 4108 1359 4168 hostibus

355 4230 386 4276 ut
406 4218 512 4276 faciant
533 4217 666 4276 fissuram
681 4214 696 4246 *
711 4218 872 4276 maximam
886 4217 916 4275 in
929 4234 1079 4292 processu.
1121 4215 1261 4291 Arguunt
1280 4217 1359 4274 enim
1366 4219 1396 4268 81

390 4342 541 4406 ¹potest‚n.
595 4339 837 4405 ²depanperans‚n.
895 4339 1071 4400 ³maxime,13.
1128 4338 1325 4402 *qu0d‚0m.n.
