2932 5046
545 403 595 454 DE
619 403 767 456 OFFICIO
791 403 909 456 REGIS.

227 559 316 620 nichil
332 560 495 638 possidetur
513 561 560 621 hic
579 561 664 622 titulo
684 561 752 621 iuris
769 561 890 621 humani
909 561 964 620 nisi
984 562 1153 623 auctoritate
1167 562 1228 621 Im-

227 667 326 742 periali
340 667 385 727 vel
407 669 495 744 regia,
512 677 544 726 ut
563 668 669 745 allegat
689 669 788 745 glossa
809 668 916 728 decreti
937 667 1094 743 Ambrosii,
1109 679 1138 729 et
1158 688 1229 728 con-

228 772 358 832 firmatur
371 793 407 833 ex
423 775 564 851 scriptura
578 777 759 851 approbante
774 793 929 834 romanum
948 775 1102 852 imperium
1121 776 1152 833 in
1169 793 1228 852 quo

226 889 341 954 oportet
353 879 491 940 Cesarem
501 898 531 938 se
545 880 652 940 habere
667 880 705 938 ad
716 889 810 939 totum
819 881 972 957 imperium
984 881 1068 940 sicud
1076 877 1231 957 regulum¹

202 983 271 1049 svel
295 985 455 1044 secularem
475 985 627 1045 dominum
648 986 687 1044 ad
707 985 778 1045 illud
799 1002 885 1063 super
909 1005 969 1063 quo
994 986 1083 1045 habet
1106 987 1229 1064 capitale

61 1098 133 1149 Luke
144 1099 180 1150 iii.
195 1112 216 1151 1.
227 1088 398 1149 dominium.
440 1090 528 1150 Unde
544 1101 648 1151 notant
665 1090 746 1150 Beda
765 1091 856 1150 etalii
873 1092 967 1151 sancti
981 1110 1070 1168 super
1083 1092 1134 1150 illo
1148 1092 1229 1152 Luce

228 1204 270 1270 3⁰,
299 1196 385 1254 Anno
416 1194 480 1255 ιιι)2
502 1196 624 1273 Imperei'
647 1197 756 1256 Tz'berri
783 1196 908 1269 Cereris,
939 1198 1090 1274 quomodo
1118 1197 1230 1257 Cristus

226 1311 311 1360 natus
338 1311 384 1361 est
404 1311 536 1379 tempore
560 1303 784 1379 completissime
809 1303 987 1380 quietissime
1005 1313 1034 1363 et
1052 1305 1230 1364 convenien-

226 1408 335 1468 tissime
356 1409 533 1480 monarchie,
550 1419 578 1468 et
599 1409 677 1468 illam
699 1409 842 1486 approbat
863 1410 894 1466 in
915 1409 1045 1468 futurum
1066 1420 1126 1469 tam
1142 1411 1230 1470 verbo

187 1540 219 1578 ιο
227 1532 317 1591 quam
331 1533 429 1592 opere.
472 1514 617 1588 Quattuor
632 1525 730 1574 autem
746 1514 888 1574 tetrarche
904 1517 1024 1575 interra
1039 1515 1127 1575 Cristi
1142 1516 1230 1593 signi·

226 1621 316 1680 ficant
338 1621 511 1680 divisionem
532 1630 561 1680 et
583 1622 817 1681 destruccionem
838 1639 875 1680 ex
897 1622 1037 1681 demerito
1058 1622 1152 1698 gentis
1167 1641 1229 1683 sue.

228 1726 367 1785 Tercium
395 1745 463 1786 vero
490 1728 690 1787 testimonium
717 1737 761 1787 est
789 1727 899 1787 dictum
926 1727 1004 1786 beati
1032 1727 1166 1803 Gregorii
1196 1730 1401 1793 inasongory.

61 1817 217 1912 sseregory.
228 1831 372 1910 Registro,
381 1833 455 1893 libro
466 1834 556 1893 tercio
565 1852 663 1893 versus
674 1834 773 1904 finem,
784 1835 835 1892 ubi
844 1834 885 1893 sic
895 1833 1020 1911 loquitur
1035 1834 1071 1894 de
1084 1833 1227 1894 Mauricio

226 1940 360 2016 Augusto
384 1940 536 2000 ordinante
559 1958 672 2000 sacram
692 1940 787 2017 legem
809 1940 845 1999 de
867 1939 978 1999 clericis
999 1939 1080 2016 quod
1100 1958 1162 1998 non
1183 1941 1229 1998 in·

187 2065 217 2117 15
227 2046 348 2106 tendant
365 2047 542 2106 secularibus
560 2047 699 2123 negociis.
742 2046 796 2104 Ad
811 2047 869 2117 hoc,
891 2046 994 2122 inquit,
1005 2052 1128 2121 potestas
1146 2057 1230 2122 super

62 2159 100 2206 50
113 2159 157 2215 d,
227 2173 318 2212 omnes
340 2154 461 2214 bemimr
480 2150 495 2185 *
512 2154 623 2230 prelati
643 2153 816 2212 dominorum
841 2171 960 2211 meorum
986 2154 1081 2210 celitus
1102 2153 1170 2210 dala
1191 2161 1232 2212 est

227 2268 260 2321 ut
267 2263 320 2338 qui
330 2261 400 2320 bona
414 2267 546 2338 appetunt
557 2261 727 2320 adzievenlur
740 2266 773 2317 ul
785 2262 888 2318 elerum
903 2261 951 2318 via
966 2261 1187 2335 largr'uspaleat,
1199 2267 1232 2318 ut

226 2373 367 2427 terrenum
391 2386 510 2444 regnum
534 2369 627 2425 celesti
646 2385 730 2444 regno
741 2367 915 2445 famuletur.
956 2365 1035 2426 Ecce
1061 2365 1229 2425 dominacio

227 2475 430 2552 temporalium
453 2474 619 2551 principum
644 2491 731 2549 super
753 2491 857 2533 omnes
889 2480 1103 2544 conversantes,
1124 2481 1154 2532 et
1177 2491 1230 2548 per
1264 2478 1272 2509 ι

188 2598 413 2658 reconsequens
424 2599 510 2658 super
523 2580 632 2640 clerum
647 2597 732 2638 suum
747 2587 776 2638 et
792 2578 893 2638 omnia
906 2578 985 2637 bona
999 2595 1059 2650 sua,
1071 2578 1101 2635 in
1116 2586 1229 2636 tantum

227 2688 308 2763 quod
321 2687 479 2764 imperator
496 2685 626 2746 condidit
638 2685 718 2762 leges
733 2702 829 2744 sacras
844 2704 898 2761 pro
915 2685 991 2743 clero
1007 2702 1070 2755 suo,
1085 2693 1117 2741 ut
1130 2682 1231 2744 recitat

62 2797 162 2846 Decrer.
226 2793 273 2853 hic
301 2793 460 2870 Gregorius
488 2792 525 2852 de
555 2791 707 2851 Mauricio.
729 2779 889 2851 Decretum
916 2790 1009 2850 eciam
1036 2789 1113 2849 xxiv.
1138 2807 1167 2866 q.
1192 2790 1230 2850 ιιι.

62 2863 210 2989 gfff&
227 2898 286 2958 ‘De
306 2900 405 2958 illicita
426 2896 697 2958 excomum'cacione'
713 2898 818 2975 allegat
837 2897 1064 2975 legem„‚sacram
1081 2896 1231 2956 conditam

62 3007 203 3072 Corp.Jur.
226 3025 244 3066 a
267 3007 438 3080 Iustinian0,
463 3015 492 3065 et
516 3005 676 3065 collacione
702 3024 729 3064 x.
755 3013 806 3064 ca⁰
827 3005 916 3064 unico
936 3004 1053 3081 ponitur
1073 3003 1161 3062 tercia
1182 3002 1230 3061 lex

62 3073 118 3122 civ.
129 3073 196 3124 Coll.

61 3149 90 3188 x,
227 3131 309 3172 sacra
323 3113 440 3172 condita
453 3130 471 3171 a
486 3110 688 3171 Constantino.
730 3110 802 3170 Non
820 3111 932 3169 videtur
953 3129 1024 3187 ergo
1043 3109 1122 3168 racio
1139 3126 1228 3187 quare
1237 3116 1291 3210 ST&
1292 3115 1413 3209 {olims

228 3218 390 3296 Imperator
403 3236 464 3277 non
478 3218 597 3277 haberet
611 3216 697 3276 hodie
708 3225 821 3276 tantum
833 3217 1004 3289 dominium,
1016 3233 1086 3276 cum
1096 3227 1228 3292 ternpore
1237 3217 1419 3310 grouvjltaglgffiign

227 3326 351 3385 istorum
371 3335 539 3385 sanctorum
555 3323 612 3384 hoc
631 3324 864 3400 approbancium
884 3324 989 3382 rectius
1010 3331 1038 3381 et
1062 3318 1390 3412 erpediciusg³m¹t¹ftgf²hese

62 3437 170 3516 Wyclrf,
227 3450 319 3509 quam
335 3432 425 3491 modo
445 3431 567 3491 ecclesia
587 3430 717 3489 militavit
726 3430 745 3489 ³.
788 3431 942 3503 Quantum
962 3429 1000 3488 ad
1020 3429 1098 3488 istud
1118 3429 1229 3487 dictum

61 3503 190 3622 BssgssfL
227 3549 271 3600 est
281 3540 355 3598 libro
365 3539 456 3598 tercio
467 3539 570 3598 diffuse
581 3538 732 3616 quomodo
743 3538 897 3598 occasione
909 3536 1022 3612 peccati
1033 3534 1230 3594 introductum

59 3637 117 3687 Lib.
131 3646 173 3685 ¹¹¹·
228 3655 272 3706 est
292 3646 375 3706 civile
399 3646 561 3717 dominum,
585 3663 654 3703 cum
676 3645 706 3702 in
731 3652 807 3703 statu
834 3643 1004 3702 innocencie
1031 3659 1093 3701 non
1120 3639 1229 3712 fuisset,

227 3763 255 3813 et
269 3762 337 3829 post
350 3752 464 3829 lapsum
478 3761 609 3828 ternpore
626 3751 777 3826 utriusque
797 3750 961 3809 testamenti
979 3749 1019 3807 illi
1034 3749 1083 3826 qui
1097 3749 1231 3807 vixerunt

228 3860 389 3938 perleccius
414 3858 485 3917 illud
506 3858 670 3917 dominium
684 3857 854 3916 abimerunt.
896 3855 976 3915 Nam
992 3855 1138 3914 vinculum
1157 3855 1229 3914 cari-
1273 3869 1351 3912 ebone
1360 3870 1386 3912 or

228 3967 304 4037 tatis,
319 3966 461 4025 subducto
482 3965 585 4024 timore
608 3963 710 4034 servili,
735 3973 779 4022 est
803 3963 862 4038 liga
883 3963 995 4039 optima
1016 3981 1075 4038 qua
1095 3935 1250 4021 hominesc
1265 3921 1415 4064 ῗῖῗιζιὲῗῗιῗι,

189 4083 219 4135 35
231 4091 262 4132 se
289 4074 428 4133 iuvarent.
478 4071 537 4131 Sed
564 4069 714 4149 supposita
740 4068 943 4129 inobediencia
971 4079 1013 4128 et
1028 4068 1229 4127 contrarietate
1260 4023 1323 4065 ml
1344 4027 1441 4072 ”my

261 4228 269 4258 ¹
288 4228 400 4292 regulum
412 4227 504 4277 emend.
518 4226 583 4276 Edd.
591 4233 640 4290 pro
651 4226 769 4289 regulam,
785 4237 811 4285 A,
824 4237 850 4274 Β.
1027 4223 1036 4250 ²
1053 4239 1093 4286 xv,
1106 4236 1140 4286 A;
1158 4232 1193 4287 5⁰,
1205 4235 1229 4274 B.

228 4305 237 4333 ³
255 4306 374 4356 militavit
385 4304 489 4357 ecclesia
500 4320 574 4369 quam
586 4304 669 4365 modo,
682 4303 733 4353 ord.
746 4304 798 4352 ieter.
813 4315 836 4355 Β.
