2828 5048
622 431 671 480 DE
694 429 843 482 OFFICIO
865 430 986 482 REGIS.

306 588 458 667 Neglzgere
478 590 577 665 quippe
593 608 655 647 cnm
666 596 760 666 posset
772 588 941 667 perturbare
953 599 1101 665 perversos
1120 589 1213 648 nichil
1228 587 1315 646 olzied

305 704 346 756 est
363 716 447 773 qnam
462 697 572 775 sonere.
612 695 675 754 Nec
702 703 781 754 corel
805 697 936 772 scrupulo
963 697 1099 761 societatis
1126 697 1234 766 occulte,
1261 695 1316 770 qni

306 805 452 883 monffesto
453 804 592 880 facinori
602 805 705 861 desinit
716 804 835 862 obuiore.
871 803 910 860 Et
925 801 1003 861 aliud
1018 820 1144 879 sequens
1159 801 1312 860 decretum

307 910 451 986 Gregorii,
468 909 628 970 Consentire
641 912 752 968 vedetur
766 908 781 940 *
797 911 916 980 erranti,
932 911 986 985 qni
995 909 1036 966 od
1053 909 1246 985 reedificando,
1261 927 1312 983 que
1321 927 1359 973 20
1370 926 1397 973 b.

306 1018 400 1075 debent
431 1019 548 1093 corrigi,
577 1036 631 1074 non
666 1019 796 1076 occurrit.
838 1014 936 1094 (Se'cut
962 1022 1052 1073 autern
1081 1016 1204 1073 oleorum
1234 1017 1336 1078 uei1o5

299 1127 421 1201 palpare
434 1143 488 1182 non
503 1122 582 1196 debet,
597 1125 637 1181 ito
654 1143 701 1181 nec
719 1125 856 1181 malornm
875 1124 1004 1181 laudibus
1021 1120 1172 1202 delectori)
1211 1122 1253 1182 Et
1272 1125 1311 1180 86
1321 1146 1355 1194 D,
1383 1165 1412 1189 ,.,

307 1231 345 1290 di.
374 1231 484 1302 dicitur,
513 1230 658 1288 Foczentis
678 1232 783 1306 procul
808 1230 890 1289 dnbio
918 1231 1028 1306 cnlpm
1054 1229 1137 1288 hobel
1166 1231 1220 1305 qni
1241 1210 1387 1304 quodssffi·

98 1348 168 1392 These
177 1347 251 1389 sinsot
299 1345 391 1414 potest
402 1339 543 1413 corrigere
556 1339 676 1413 negligit
686 1339 836 1395 emendare.
877 1335 915 1394 Et
929 1335 1020 1395 muita
1035 1347 1101 1395 sunt
1115 1336 1193 1395 dicta
1207 1336 1315 1395 similia

97 1400 339 1509 {liiiiiffinceut
362 1462 431 1520 sepe
454 1444 563 1520 repetii.
606 1443 693 1502 Unde
711 1443 843 1520 quamvis
868 1442 914 1501 isti
939 1460 1101 1501 consensus
1125 1443 1183 1501 sint
1205 1442 1312 1518 damp-

96 1513 264 1604 fflpsema
307 1551 418 1609 nabiles
440 1551 470 1608 in
493 1551 624 1627 principe
650 1549 780 1621 seculari,
795 1559 894 1608 tamen
918 1567 1080 1608 consensus
1104 1559 1132 1608 et
1156 1549 1312 1608 ommissio
1322 1564 1353 1610 10

307 1655 464 1716 sacerdotis
489 1665 534 1716 est
561 1656 647 1732 culpa
675 1656 797 1733 gravior,
820 1655 915 1732 magis
942 1657 1116 1732 perturbans
1144 1656 1312 1717 ecclesiam.

305 1763 394 1822 Unde
416 1763 505 1821 xxiiii.
525 1782 554 1840 q.
572 1763 610 1835 iii,
630 1763 824 1840 Transferunt
842 1764 897 1822 sub
915 1762 1086 1821 auctoritate
1108 1762 1250 1821 leronimi
1270 1763 1311 1821 sic
1321 1765 1350 1844 9:
1361 1762 1407 1814 xxiv

306 1869 430 1928 habetur
460 1869 587 1928 ‘Veteres
620 1876 752 1928 scrutans
785 1870 929 1944 hystoriis
956 1870 1083 1927 cnvenire
1110 1888 1166 1927 non
1193 1879 1311 1945 possum
1320 1846 1384 1882 ’Μ

305 1977 419 2036 scidisse
438 1977 577 2035 ecclesium
591 1983 617 2034 el
635 1978 666 2034 de
687 1978 764 2035 domo
785 1976 908 2034 Domini
917 1978 1035 2053 populos
1055 1977 1200 2034 seduxisse
1213 1984 1313 2052 preter

305 2103 348 2145 eos
362 2085 415 2159 qni
424 2085 575 2141 sacerdotes
588 2103 607 2141 o
621 2083 682 2142 Deo
688 2085 781 2160 positi
784 2085 914 2161 suerent
925 2091 951 2141 et
962 2084 1104 2161 prophete,
1119 2085 1138 2140 i.
1150 2104 1171 2141 e.
1185 2085 1312 2160 speculo·
1321 2109 1352 2161 15

305 2198 385 2251 iores.
435 2189 496 2248 Isn'
512 2192 604 2265 r'gitur
623 2197 743 2248 utuntur
768 2192 798 2248 in
818 2193 946 2266 loqueum
965 2197 1118 2249 tortuosum
1137 2192 1168 2248 in
1184 2191 1312 2250 omne'bus

307 2299 375 2356 locis
391 2303 522 2373 ponentes
544 2296 725 2355 scandalum?
768 2297 848 2357 Sicut
871 2298 958 2374 igitur
981 2296 1058 2356 istud
1083 2298 1193 2356 dictum
1216 2299 1312 2367 sancti
1383 2327 1387 2333 ·

307 2403 458 2481 presbiteri
476 2403 593 2480 ponitur
615 2403 773 2479 legendum
791 2405 822 2463 in
840 2405 959 2482 publico
970 2402 989 2476 ¹,
1009 2405 1048 2464 ita
1065 2415 1132 2482 post
1150 2405 1213 2464 eius
1234 2406 1312 2482 peri-

306 2511 406 2570 culum
419 2521 464 2569 est
477 2510 592 2587 publice
605 2510 815 2587 predicandum
829 2521 860 2570 ut
875 2511 996 2570 ecclesia
1016 2512 1146 2571 attendat
1160 2512 1278 2571 caucius
1294 2531 1313 2581 a

305 2617 442 2695 luporum
456 2617 599 2694 periculis.
642 2616 705 2676 Nec
720 2617 893 2678 desistemus
903 2619 967 2677 licet
976 2617 1115 2677 fuerimus
1127 2628 1311 2696 peccatores,
1323 2655 1356 2694 ,ο

307 2726 377 2803 quia
391 2736 462 2784 tunc
487 2724 583 2782 nuilus
600 2724 670 2783 citra
684 2724 813 2783 Cristum
833 2725 991 2801 corriperet
1013 2744 1067 2784 nec
1086 2725 1154 2802 plus
1175 2726 1314 2785 sollicita-

309 2833 407 2890 bimur
434 2831 605 2908 generaliter
633 2831 704 2890 citra
738 2832 865 2909 privatas
893 2831 1028 2904 oviculas,
1053 2833 1122 2909 quia
1148 2833 1217 2910 plus
1244 2851 1316 2910 pro-

309 2938 441 2997 ficiemus
465 2939 495 2995 in
529 2956 608 3009 casu,
639 2947 700 2996 tam
725 2939 795 3015 ipsis
821 2957 912 3016 quam
935 2940 1029 3014 nobis,
1054 2939 1232 3016 exponendo
1257 2959 1316 3001 nos

309 3045 432 3104 discrete
452 3044 502 3103 ubi
522 3054 565 3103 est
584 3045 743 3121 periculum
759 3047 864 3105 veneni
881 3045 1042 3106 fervencius
1060 3054 1090 3105 et
1107 3047 1202 3122 magis
1222 3046 1317 3124 glori-

309 3168 380 3209 osus
401 3149 577 3227 triumphus.
619 3152 691 3211 Ideo
710 3162 754 3210 est
768 3171 786 3211 a
799 3152 914 3212 defectu
928 3155 1056 3231 capitum
1070 3153 1254 3227 ordiendum,
1270 3155 1316 3216 sic
1327 3168 1358 3220 25

309 3256 387 3317 enim
402 3257 530 3317 iecerunt
545 3256 658 3318 Cristus
672 3268 701 3317 et
715 3259 806 3319 sancti
821 3260 960 3319 martires.

644 3689 892 3750 CAPITULUM
920 3691 982 3749 Vm.

101 3870 277 3966 fflssiffissm
354 3853 510 3918 *Consus
535 3857 643 3916 dictem
665 3860 844 3920 sentenciam
863 3861 899 3920 de
920 3881 988 3938 rege
1012 3861 1133 3921 instatur
1154 3862 1322 3926 scolastice.
1352 3846 1395 3924 ὀι

100 3973 190 4064 {zmarre
199 3988 227 4016 on
236 3989 276 4017 our
315 3963 436 4024 Videtur
458 3965 536 4024 enim
560 3965 654 4040 primo
676 3966 756 4041 quod
776 3986 827 4026 rex
849 3966 917 4027 facit
940 3967 1082 4046 quidquid
1101 3969 1200 4028 fecerit
1223 3971 1323 4051 legius

125 4025 251 4075 eoryofthe

101 4070 404 4175 &lilinum
421 4088 499 4142 suus,
515 4089 552 4129 ex
568 4089 628 4146 quo
642 4073 771 4154 sequitur
780 4074 860 4149 quod
874 4094 925 4133 rex
940 4075 977 4133 sit
990 4075 1090 4134 artifex
1104 4077 1349 4156 cuiuscumque3

100 4175 301 4279 flss'ffl‘iiie.
311 4194 416 4255 genus,
434 4177 541 4236 mimus
551 4177 755 4255 nebuioatque
766 4181 923 4257 prolificus,
939 4200 1006 4242 cum
1014 4183 1154 4267 quotlibet
1168 4183 1319 4247 similibus

707 4340 717 4371 ¹
733 4343 870 4407 publicum,
882 4356 906 4393 13.
