2932 5046
564 453 612 503 DE
636 451 783 502 OFFICIO
807 452 924 502 REGIS.

225 611 333 683 talium,
348 610 398 668 ubi
412 610 495 669 tradit
510 610 596 668 nimis
613 609 730 668 civiliter
746 627 800 684 pro
818 607 918 684 regula
939 617 1080 684 tanquam
1094 609 1222 666 maxima

224 717 371 775 iudicandi
385 715 465 792 quod
481 715 648 792 quicunque
667 715 698 772 in
719 715 787 773 data
806 714 932 772 anterior
952 714 1038 772 debet
1055 714 1175 790 preferri
1194 723 1223 773 et

225 822 266 881 sic
281 822 318 880 de
332 821 468 880 maximis
482 821 545 879 aliis
560 822 698 880 anticristi
712 829 744 878 ut
758 830 837 896 patet
851 821 927 878 alibi.

59 936 91 982 Ι..
264 926 313 985 Ad
336 927 458 985 tercium
484 936 626 1002 punctum
646 926 844 1002 principalem,
869 934 948 1000 patet
972 944 1009 984 ex
1035 925 1117 984 dictis
1142 926 1221 1002 quod
1229 929 1374 981 Asainlam

199 1033 317 1099 sclerus
338 1033 376 1090 ab
396 1032 497 1090 infimo
517 1031 668 1090 sacerdote
687 1049 780 1107 usque
801 1032 838 1090 ad
862 1031 1032 1089 Romanum
1051 1032 1218 1108 pontificem
1229 981 1329 1082 iffi?
1332 983 1423 1085 iffi

224 1138 309 1197 debet
323 1137 424 1214 pocius
439 1137 574 1196 humilius
588 1147 616 1196 et
630 1138 815 1213 multiplicius
826 1138 945 1196 obedire
956 1137 1077 1196 domino
1089 1137 1219 1196 seculari.
1229 1082 1375 1223 {33}ssle

223 1243 310 1302 Unde
333 1244 558 1320 dogmatisantes
580 1244 746 1320 oppositum
769 1244 877 1302 nedum
902 1245 1049 1302 incurrunt
1077 1243 1220 1302 offensam

222 1349 270 1407 dei
293 1350 343 1426 qui
365 1349 454 1408 voluit
476 1368 511 1408 ex
536 1359 637 1407 mutua
659 1349 831 1408 obediencia
856 1350 1009 1409 ecclesiam
1034 1367 1097 1408 esse
1120 1367 1220 1421 unum,

222 1474 278 1513 nec
306 1455 402 1513 solum
432 1455 575 1515 offensam
601 1474 726 1532 persone
754 1456 876 1514 ecclesie
904 1473 961 1530 que
987 1454 1044 1514 hoc
1069 1465 1219 1532 unguento

183 1561 308 1637 rocapiti
322 1570 478 1632 catenatur,
491 1562 542 1620 sed
553 1562 697 1621 offensam
708 1562 912 1637 episcoporum
927 1571 955 1620 et
970 1562 1036 1619 cleri
1051 1580 1104 1637 pro
1116 1562 1221 1638 quibus

222 1667 354 1725 videntur
368 1666 521 1743 sophistice
536 1685 697 1743 procurare.
739 1667 875 1725 Finaliter
893 1668 971 1725 enim
990 1667 1220 1743 deprehendetur

114 1839 116 1844 ,
222 1791 324 1831 eorum
352 1772 476 1832 stulticia
503 1774 553 1849 qui
581 1773 778 1848 dogmatisant
805 1773 885 1850 quod
917 1773 1009 1832 clerus
1042 1792 1102 1831 non
1133 1774 1220 1833 debet

58 1884 135 1931 tob.
222 1879 348 1938 dominis
373 1879 546 1937 secularibus
571 1879 674 1937 saltem
697 1879 814 1954 proprie
838 1880 965 1938 obedire.
1008 1877 1023 1910 *
1067 1879 1115 1937 Ad
1139 1880 1222 1956 quod

221 1985 326 2043 faciam
339 1984 479 2061 triplicem
494 1986 650 2044 racionem.
692 1984 789 2042 Prima
803 1984 867 2043 talis
882 1986 977 2043 omnis
988 1986 1075 2043 virtus
1089 1996 1217 2045 creature
1231 1995 1404 2054 autumnoue.

1227 2046 1308 2094 dience,
1316 2059 1340 2086 as
1348 2046 1380 2087 sor

181 2104 210 2155 15
221 2089 375 2150 racionalis
395 2100 438 2149 est
456 2090 658 2166 exemplariter
674 2090 705 2147 in
724 2107 777 2148 suo
792 2090 918 2165 analogo
933 2091 963 2146 in
978 2091 1124 2165 sapiencia
1139 2095 1429 2189 Cse³·{{{¹y„{²¹1¹,{,{¹{i„

221 2197 300 2254 toris.
344 2195 402 2255 Sed
421 2197 593 2255 obediencia
612 2195 739 2255 hominis
761 2205 803 2253 est
818 2196 956 2272 precipua
969 2196 1067 2267 virtus,
1083 2198 1145 2255 sine
1161 2196 1412 2290 quafflffipsffld

221 2301 399 2377 impossibile
427 2313 470 2361 est
498 2302 644 2361 meritorie
671 2301 783 2377 placere
813 2301 869 2360 deo
897 2302 941 2359 vel
970 2301 1088 2360 homini.
1137 2302 1219 2378 Ergo

221 2416 338 2482 oportet
351 2407 432 2483 quod
446 2409 509 2485 ipsa
524 2408 559 2465 sit
573 2406 774 2482 exemplariter
788 2406 951 2465 secundum
966 2406 1035 2464 illud
1051 2407 1130 2483 quod
1145 2411 1219 2484 sapit

58 2514 435 2588 1¹01.170b.perfeccionem
457 2513 626 2589 simpliciter
649 2511 663 2543 *
686 2514 716 2570 in
738 2512 884 2588 sapiencia
906 2513 1052 2570 creatoris.
1096 2512 1126 2570 Si
1147 2532 1219 2589 ergo

57 2633 96 2683 Ps.
108 2633 151 2683 vil.
165 2646 202 2683 12.
221 2617 302 2688 deuS,
323 2619 410 2676 andex
430 2621 521 2676 taetus
535 2619 633 2694 fortes
656 2625 682 2675 et
701 2621 826 2693 pacz'ens,
852 2607 1006 2675 zvar-catast
1022 2628 1075 2692 per
1094 2620 1219 2693 sr'ngulor

221 2725 285 2794 dtis,
301 2724 393 2782 multo
407 2724 500 2800 magis
513 2723 558 2782 vel
572 2742 590 2781 a
604 2724 667 2799 pari
682 2723 751 2781 deus
765 2722 936 2798 exemplans
957 2741 1077 2781 omnem
1091 2732 1219 2782 creatam

220 2830 421 2888 obedienciam
435 2840 479 2888 est
494 2847 605 2888 summe
620 2829 769 2888 obediens.
811 2830 850 2886 Et
867 2831 921 2887 ista
936 2828 1085 2888 conclusio
1100 2829 1218 2888 docetur
1229 2840 1334 2891 Foruoa
1344 2842 1388 2883 asl

56 2954 108 3018 μς,
118 2971 142 3003 2
156 2969 194 3019 14,
220 2935 250 2993 in
272 2935 328 2993 fide
349 2936 486 3011 scripture
501 2935 559 2995 Ios.
574 2954 602 3005 x,
617 2935 667 2993 ubi
690 2935 792 2993 dicitur
806 2934 887 3010 quod
907 2935 978 2994 deus
996 2934 1137 2994 obedivit²
1153 2937 1216 2996 voci
1226 2891 1368 3001 ffifflfissm’

221 3039 356 3110 hominis,
371 3058 456 3115 super
475 3058 534 3115 quo
553 3042 655 3098 beatus
669 3040 851 3117 Augustinus
866 3058 934 3117 sepe
954 3041 1022 3100 dicit
1041 3042 1121 3117 quod
1135 3041 1216 3101 Deus
1224 3005 1285 3034 vom
1293 2993 1379 3034 orm*

56 3171 96 3218 ῃ,
220 3145 339 3204 obedit³
361 3145 537 3216 hominibus,
562 3155 595 3203 ut
619 3164 706 3221 supra
728 3147 858 3221 exposui.
902 3147 978 3205 Item
1002 3149 1082 3224 quod
1107 3147 1218 3208 Cristus

221 3252 345 3310 obedivit
367 3250 533 3310 hominibus
554 3251 731 3326 humanitus,
755 3253 827 3311 sicut
855 3262 884 3310 et
912 3253 956 3310 sui
984 3254 1117 3328 apostoli,
1139 3263 1217 3330 patet

220 3357 422 3433 multipliciter,
438 3358 533 3432 primo
553 3376 605 3433 per
622 3356 679 3416 hoc
698 3357 778 3435 quod
799 3358 910 3417 Cristus
928 3359 981 3416 fuit
1001 3359 1104 3433 plenus
1121 3361 1218 3434 gracie

220 3473 249 3521 et
269 3464 379 3522 virtutis
401 3473 496 3522 create
518 3463 680 3521 secundum
701 3481 821 3521 omnem
842 3464 977 3539 speciem,
994 3473 1023 3520 et
1043 3483 1095 3539 per
1115 3473 1402 3534 conse-crestasoanu

52 3579 121 3631 Phil.
132 3579 160 3631 ii.
170 3580 194 3630 8.
221 3586 313 3645 quens
335 3569 387 3627 suit
408 3569 511 3645 plenus
533 3569 700 3629 obediencie
725 3570 820 3628 eciam
841 3588 926 3643 usque
946 3569 987 3626 ad
1005 3575 1141 3637 mortem,·
1164 3588 1218 3628 nec
1227 3524 1390 3615 &affigit

180 3676 315 3748 aceolum
343 3675 484 3734 obediens
512 3675 563 3732 fuit
591 3675 698 3744 deitati,
725 3675 777 3733 sed
804 3675 925 3744 homini,
951 3693 1019 3733 cum
1049 3675 1129 3733 aliter
1157 3694 1218 3734 non
1228 3622 1419 3715 mmm

220 3779 367 3838 habuisset
383 3780 585 3839 obedienciam
604 3790 729 3839 creatam
746 3779 868 3838 univoce
890 3779 1031 3839 eumalio
1050 3780 1135 3838 fratre
1156 3799 1217 3839 suo.

220 3885 320 3944 Virtus
335 3886 414 3944 enim
429 3887 610 3962 specificatur
625 3887 662 3944 ab
677 3886 800 3944 obiecto.
842 3885 914 3944 Ideo
925 3885 980 3942 alia
992 3895 1035 3944 est
1048 3886 1219 3944 obediencia

219 3991 318 4068 quoad
332 3992 459 4068 speciem
473 4009 530 4068 qua
544 3992 678 4050 obeditur
693 3992 748 4050 deo
763 4001 791 4049 et
805 3991 860 4049 alia
871 4010 930 4068 qua
944 3992 1076 4049 obeditur
1096 3992 1216 4066 homini,

218 4098 274 4156 nisi
287 4097 362 4156 sorte
377 4098 487 4156 dicatur
501 4097 582 4174 quod
600 4097 753 4176 ineodem
770 4098 920 4156 involucro
935 4115 994 4173 quo
1013 4097 1064 4155 rite
1086 4098 1220 4156 obeditur

252 4236 261 4265 ¹
277 4238 397 4302 numquid
412 4239 530 4288 irascetur
541 4245 590 4302 pro
607 4239 728 4300 irascitur,
742 4251 769 4288 Α.
867 4237 877 4265 ²
894 4237 979 4287 obedit
990 4244 1040 4301 pro
1056 4238 1175 4298 obedivit,
1187 4251 1214 4287 A.

219 4314 229 4343 ³
247 4313 356 4365 obedivit
368 4322 417 4379 pro
428 4316 522 4376 obedit,
534 4329 561 4364 A.
