2828 5048
602 406 651 459 DE
674 406 823 459 OFFICIO
847 404 965 458 REGIS.

282 567 362 644 eligit
383 575 412 627 et
435 566 583 626 constituit
606 582 694 644 super
719 583 816 625 servos
838 582 915 639 suos,
943 565 990 625 cui
1011 565 1191 625 comittenda
1216 574 1286 624 sunt

282 675 406 751 negocia
433 684 462 733 et
484 674 627 751 regimina
655 674 845 744 subditorum,
870 674 920 750 qui
944 673 1030 732 debet
1051 670 1065 703 '⁸‘
1088 672 1231 750 speculari
1252 681 1283 730 et
1294 685 1359 732 nol.
1367 685 1414 730 12

282 781 436 840 defendere
457 780 657 857 possessiones
679 780 800 839 divicias
814 791 842 838 et
856 780 1030 856 sanguinem
1051 780 1235 838 subditorum
1253 788 1284 837 et

283 888 383 947 omnia
396 886 517 946 eorum¹
533 906 630 964 opera,
645 888 719 946 sicut
733 887 807 946 deus
828 903 937 959 eorum,
953 904 1025 963 ergo
1045 886 1076 944 in
1095 886 1153 944 hoc
1171 886 1284 944 assimi-

282 994 387 1053 landus
414 1005 459 1053 est
486 993 551 1053 deo.
592 993 631 1052 Et
660 993 786 1052 declarat
818 1004 1032 1071 consequenter
1059 992 1140 1070 quod
1170 1002 1312 1068 oportet5

283 1120 383 1177 regem
409 1119 510 1177 regere
538 1118 661 1176 regnum
690 1118 775 1159 suum
809 1101 931 1172 iusticia,
963 1101 1037 1159 sicut
1064 1099 1146 1159 Deus
1174 1099 1287 1157 iusticia

75 1232 94 1262 e.
107 1219 178 1260 Three
186 1215 277 1259 “notre
285 1209 381 1284 dirigit
395 1226 519 1285 regnum
534 1225 627 1266 suurn.
671 1207 709 1265 Et
728 1218 850 1284 possunt
871 1209 966 1266 notari
983 1227 1020 1266 ex
1042 1207 1177 1286 predictis
1191 1206 1287 1264 verbis
1333 1256 1339 1267 .

74 1269 208 1313 conclusione
216 1281 256 1309 osu

30 1288 64 1387 κγ
75 1319 247 1422 mm&
287 1316 447 1375 Aristotelis
474 1326 532 1374 tres
559 1314 762 1374 conclusiones
785 1315 938 1386 katholico,
961 1316 1056 1391 prima
1083 1314 1163 1390 quod
1191 1313 1288 1372 solum

75 1436 235 1480 enesionis
286 1422 332 1480 ille
355 1432 398 1481 est
420 1441 471 1480 rex
493 1440 582 1498 quern
604 1421 686 1480 Deus
707 1423 787 1499 eligit
811 1432 840 1481 et
865 1423 1014 1482 constituit
1043 1439 1129 1499 super
1153 1438 1289 1497 regnum.

76 1488 229 1582 mm
287 1529 366 1588 Nam
393 1529 474 1588 iuxta
502 1529 667 1606 apostolum
691 1529 818 1588 Roman.
840 1531 889 1588 xiii
904 1528 973 1588 Non
994 1537 1036 1588 est
1047 1537 1170 1606 potestas
1190 1531 1252 1587 nz'si
1269 1549 1324 1598 aR
1370 1547 1412 1598 ,·

286 1636 354 1709 Deo,
369 1655 430 1696 non
451 1645 495 1695 est
515 1655 565 1695 rex
587 1638 641 1695 nisi
663 1637 769 1696 habeat
790 1646 965 1714 potestatem
987 1637 1097 1714 regiam
1119 1647 1148 1695 et
1162 1637 1290 1708 virtutes,
1303 1629 1324 1664 ¹·

287 1762 357 1821 ergo
380 1763 440 1803 non
454 1754 498 1802 est
512 1762 563 1802 rex
579 1744 632 1801 nisi
647 1763 665 1802 a
679 1743 753 1803 Deo.
776 1743 791 1776 *
827 1744 913 1804 Unde
934 1744 1008 1803 fides
1024 1745 1207 1803 subditorum
1222 1744 1334 1820 capi17
1347 1764 1376 1810 d.

288 1853 373 1911 debet
386 1871 423 1910 ex
436 1851 538 1910 virtute
558 1850 708 1927 regiminis
731 1852 776 1909 sui
796 1861 825 1909 et
846 1851 983 1928 operibus
1003 1853 1065 1912 eius
1082 1852 1174 1911 iustis.
1217 1850 1291 1910 Ideo

79 1954 214 2059 {fflffi
235 2004 253 2046 ,s
287 1959 417 2017 secunda
431 1959 534 2018 veritas
548 1957 690 2017 catholica
708 1958 739 2015 in
753 1959 848 2016 verbis
865 1968 908 2016 est
921 1959 1094 2030 Aristotelis,
1109 1959 1191 2036 quod
1204 1957 1289 2016 Deus
1309 1994 1319 2033 3

78 2056 251 2109 'lbjm'ffl
288 2065 404 2125 comisit
424 2065 485 2142 regi
506 2083 560 2141 pro
582 2082 636 2123 suo
657 2063 755 2123 officio
777 2064 958 2124 subditorum
979 2063 1141 2142 regimina²
1155 2066 1185 2122 in
1203 2064 1291 2123 bonis
1304 2046 1335 2173 ,ᾗ

288 2170 466 2229 naturalibus
494 2169 557 2228 vel³
588 2170 748 2228 moralibus
779 2180 808 2229 et
835 2169 957 2230 fortune.
1000 2170 1059 2231 Pro
1089 2172 1185 2248 primo
1220 2171 1292 2229 dicit
1325 2174 1335 2243 't

289 2277 460 2336 Aristoteles
482 2276 562 2353 quod
582 2273 653 2335 rex⁴
670 2277 756 2336 debet
777 2277 933 2338 defendere
955 2279 1128 2356 sanguinem
1150 2274 1345 2337 suorumio'.
1359 2285 1403 2334 cit.

290 2384 480 2454 subditorum,
510 2402 563 2460 pro
591 2384 720 2443 secundo
743 2384 812 2443 dicit
839 2385 920 2462 quod
948 2404 1000 2444 rex
1024 2385 1110 2444 debet
1133 2385 1293 2444 defendere
1336 2394 1360 2426 ¹⁴

290 2510 392 2551 eorum
419 2490 538 2549 divicias
565 2508 622 2567 que
649 2490 798 2568 potissime
827 2502 894 2550 sunt
914 2493 1040 2566 virtutes,
1069 2503 1098 2551 et
1124 2511 1178 2569 pro
1200 2492 1293 2550 tercio
1335 2511 1363 2560 ii.

291 2599 361 2660 dicit
388 2598 469 2675 quod
498 2616 547 2657 rex
576 2598 662 2657 debet
696 2598 852 2658 defendere
879 2618 981 2658 eorum
1015 2601 1219 2677 possessiones
1253 2600 1294 2658 ab
1306 2632 1339 2668 ,ο

291 2709 423 2768 hostibus
437 2706 620 2765 exstrinsecis
635 2715 664 2764 et
677 2707 847 2778 intrinsecis,
864 2707 1003 2765 iniuriatis
1018 2707 1196 2766 restituendo
1211 2707 1296 2786 quod

83 2826 379 2879 stottnernnz’ssuum
407 2823 451 2874 est
479 2823 508 2873 et
535 2814 573 2871 ab
600 2813 704 2872 iniuste
731 2814 944 2891 occupantibus
965 2814 1144 2874 aufferendo.
1187 2814 1298 2873 Tereia

83 2878 272 2990 {bonfflgffilbe
293 2922 396 2981 veritas
417 2919 561 2979 catholica
581 2928 624 2978 est
645 2918 725 2996 quod
746 2919 811 2978 licet
831 2937 883 2980 rex
905 2921 941 2979 sit
955 2920 1011 2979 Dei
1025 2921 1155 2992 vicarius,
1170 2930 1203 2979 ut
1222 2921 1298 2980 dicit
1391 2907 1394 2913 ¹

81 2979 254 3033 hammo&
293 3028 483 3103 Augustinus,
505 3035 534 3085 et
555 3045 609 3102 per
636 3044 821 3102 consequens
845 3044 900 3086 nec
923 3026 1005 3086 Deus
1033 3028 1064 3085 in
1086 3027 1152 3087 celo
1179 3046 1235 3088 nec
1263 3028 1298 3086 in

294 3134 384 3204 terris,
409 3142 508 3191 tamen
533 3143 648 3209 oportet
670 3135 770 3193 omnia
786 3152 875 3211 opera
891 3135 953 3193 eius
978 3150 1042 3194 esse
1066 3155 1084 3194 a
1105 3132 1161 3193 Dei
1182 3135 1300 3195 iusticia
1310 3163 1341 3214 ²5

294 3239 467 3316 exemplata.
509 3239 581 3298 Ideo
605 3240 673 3299 dicit
695 3241 873 3312 Aristoteles,
897 3241 1023 3318 Oportet
1049 3260 1148 3317 regem
1171 3242 1301 3301 imitari⁶

295 3348 474 3406 Altissimum
499 3348 531 3402 in
555 3347 680 3405 omnr'bur
707 3348 832 3424 operibus
858 3350 926 3406 suis
967 3349 1006 3406 Et
1029 3349 1083 3409 hec
1105 3349 1184 3408 racio
1206 3367 1300 3426 quare
1400 3426 1403 3433 ι

296 3455 356 3513 dixi
378 3454 511 3530 superius
532 3453 612 3530 quod
637 3464 753 3531 oportet
775 3471 874 3531 regem
896 3455 1019 3532 regulari
1043 3474 1095 3532 per
1117 3456 1301 3532 sapienciam

295 3560 501 3637 theologicam,
526 3571 555 3619 et
579 3579 667 3638 quare
692 3571 736 3619 est
757 3561 843 3620 nimis
867 3561 990 3638 impium
1013 3572 1100 3639 atque
1123 3563 1301 3639 sacrilegum

296 3671 469 3746 impugnare
502 3669 591 3728 verbo
625 3668 670 3726 vel
704 3684 792 3745 opere
826 3669 937 3744 regiam
971 3678 1146 3746 potestatem
1181 3671 1303 3731 dicente
1312 3700 1346 3750 30

297 3776 431 3853 apostolo
457 3773 573 3833 Roman
594 3776 643 3833 xiii
675 3774 736 3846 Qui
756 3777 862 3834 resistit
880 3779 1018 3853 potestate]
1042 3776 1104 3834 Dei
1123 3778 1390 3844 ordr‘naczbnr'Rom,

297 3886 410 3942 resistit.
451 3882 524 3941 Ideo
552 3900 604 3941 rex
632 3883 718 3942 debet
745 3884 882 3960 precipue
909 3903 1011 3944 cavere
1039 3884 1075 3944 de
1100 3885 1207 3944 talibus
1230 3874 1349 3969 cum²i

88 3986 271 4130 {Jssgffifw
298 3991 363 4061 sint,
382 4001 415 4047 ut
437 3989 485 4061 ait,
507 3988 606 4047 hostes
627 3987 684 4047 Dei
705 3990 781 4066 regis
804 4001 833 4049 et
856 3992 947 4067 regni.
988 3990 1026 4049 Et
1047 3998 1127 4068 patet
1149 3994 1305 4053 sentencia
1344 3972 1358 4067 i

89 4089 276 4182 ξζῇᾒξξζξῑθῃν
297 4115 386 4174 quam
409 4095 469 4154 dixi
491 4096 522 4153 in
543 4095 633 4154 xxxiii
655 4096 842 4156 conclusione
871 4098 1033 4170 abreviata3
1066 4098 1147 4174 quod
1171 4099 1306 4159 officium
1355 4084 1366 4173 i

332 4241 434 4307 ¹opera
445 4258 540 4302 eorum,
553 4252 576 4291 B.
611 4238 741 4306 'regiam
754 4256 780 4292 Α.
815 4244 886 4293 'ona
898 4246 945 4304 vel,
960 4257 984 4294 Β.
1018 4235 1168 4307 *ᾶοδὲῐ,Α,
1181 4259 1205 4297 n.
1218 4248 1305 4311 debet,

301 4335 362 4368 corr.
375 4320 440 4368 Ede
453 4336 499 4369 om.
512 4334 559 4380 rex,
573 4332 599 4369 Α.
634 4321 867 4382 ³om.suorum‚n.
900 4321 1017 4373 ‘mutari
1029 4324 1190 4387 proirnitnri,
1207 4338 1233 4375 Α.
