2828 5048
586 423 635 473 DE
659 422 808 475 OFFICIO
833 422 947 473 REGIS.

271 580 359 638 robur
382 600 462 638 cause
473 585 615 656 perteuet;
638 589 707 641 certe
725 588 837 640 sanctus
861 580 1000 639 Iobanaes
1018 583 1273 660 sonete'mom'efuit

60 700 202 792 {ibium
205 700 235 793 13
271 696 366 762 custos,
382 691 584 767 condeicrjoulus
597 700 685 751 autem
699 695 764 763 ee'us,
778 699 891 751 sanctus
899 698 1004 768 petrus,
1019 711 1138 752 uxorem
1152 699 1179 750 et
1186 694 1271 769 filios

61 801 230 902 met&
270 799 416 861 ba*buisse
431 807 613 878 cognoscitur,
631 809 716 865 eciam
732 809 889 881 primatum
904 813 937 864 ut
954 809 1088 881 arce'peret
1104 808 1176 864 inter
1190 806 1268 882 Apo-
1280 811 1343 859 1¹01·
1356 810 1404 857 118

60 901 256 996 ffifflfflffl‘
270 911 350 967 stolos
363 930 417 968 non
432 914 460 968 ei
469 913 573 970 obstitit
581 915 728 988 generacio
732 915 865 990 file'orum
875 933 890 980 ,·
904 913 1033 988 quomodo
1042 932 1112 988 ergo
1126 914 1269 989 condemp-

269 1018 392 1075 nandum
408 1025 529 1094 putatur
549 1020 623 1094 quod
640 1039 693 1077 non
715 1021 827 1097 impedit
846 1023 981 1078 meretum.
1023 1021 1104 1078 Hinc
1120 1021 1297 1096 Apostoluss

269 1143 328 1181 eune
346 1127 398 1199 qui
409 1145 525 1185 uxorem
541 1127 645 1197 babeat,
658 1129 688 1184 si
698 1128 728 1184 iu
743 1129 836 1184 ceteris
850 1135 939 1186 seruet
950 1128 1092 1198 mandata,
1106 1129 1272 1186 sacerdotem

261 1231 336 1306 fieri
343 1242 424 1306 posse
437 1252 470 1290 ac
484 1233 574 1291 debere
592 1235 710 1291 ostendet.
752 1233 791 1290 Et
809 1234 936 1310 sequitur
950 1234 1099 1310 expressio
1114 1234 1219 1294 erroris
1238 1235 1269 1291 in

270 1336 375 1396 clerico
390 1356 479 1414 quem
499 1338 660 1398 laudamus.
701 1337 765 1410 Est,
781 1339 883 1416 inquit,
897 1342 972 1414 quod
982 1343 1092 1399 omniuo
1100 1344 1272 1415 gouralz'ter

270 1445 395 1502 omnebus
408 1464 462 1502 nou
477 1446 539 1503 licet
548 1466 562 1512 ,·
584 1452 624 1503 est
635 1446 704 1503 idem
719 1447 793 1521 quod
803 1446 870 1504 aliis
883 1448 947 1505 lieet
957 1454 983 1506 et
994 1449 1061 1505 aleis
1073 1467 1128 1506 non
1142 1449 1224 1516 le'cet,·
1247 1455 1274 1506 et

269 1557 310 1608 est
328 1552 402 1624 quod
418 1551 588 1626 alequando¹
607 1553 675 1624 lieet,
696 1552 847 1628 aliquando
865 1572 929 1612 uero
947 1573 1002 1612 nou
1024 1555 1092 1612 lieet.
1133 1553 1173 1614 Et
1186 1555 1273 1631 ponit
1284 1569 1317 1604 1³

269 1657 372 1733 triplex
394 1657 562 1733 exemplum
584 1657 668 1715 huius
691 1658 839 1718 divisionis
860 1660 1044 1732 trimembris,
1063 1662 1108 1719 et¹
1117 1662 1277 1740 sorm'eori

270 1765 394 1822 omnebus
411 1775 513 1839 semper
530 1783 584 1822 non
602 1766 686 1834 lieet,·
708 1767 853 1842 negociari
869 1785 933 1824 oero
953 1767 1102 1842 aloauondo
1123 1787 1178 1826 nou
1199 1769 1271 1839 licet,

269 1878 296 1928 et
307 1872 457 1945 ale'quana'o
470 1873 538 1929 licet.
581 1871 737 1946 Antequam
752 1891 817 1930 uero
832 1874 895 1947 quei
908 1874 1104 1932 ecclesiastibus
1116 1875 1161 1950 fit
1170 1875 1235 1932 lieet
1246 1875 1275 1932 ei

269 1978 418 2053 negociare]
428 1978 514 2055 sacto
535 1979 592 2036 eam
614 1998 668 2036 non
689 1980 756 2036 licet.
792 1977 915 2037 Etcum
937 1999 1028 2038 uxore
1047 2000 1100 2038 sua
1117 1981 1270 2056 aliquando

269 2087 412 2144 conuenire
425 2087 493 2155 licet,
512 2085 662 2160 aliquando
683 2105 747 2144 uero
767 2104 822 2143 non
842 2087 927 2156 licet,·
948 2093 982 2144 ut
999 2089 1029 2145 in
1051 2087 1143 2146 dz'ebus
1156 2095 1271 2163 proces·
1283 2098 1315 2149 ¹5

269 2194 357 2250 se‘onis
369 2192 510 2249 conuenire
524 2198 564 2248 est
576 2193 713 2252 illicitum.
757 2191 961 2269 Quandoque⁸
981 2204 1025 2252 est
1038 2192 1133 2252 eciam
1151 2212 1169 2251 a
1186 2192 1272 2253 licitis

61 2283 244 2376 fflffssglffl
270 2296 489 2356 abstinendum:
513 2297 588 2356 Cum
598 2298 677 2356 enim
688 2298 780 2357 maior
790 2299 954 2357 reverencia
965 2297 1104 2358 debeatur
1114 2297 1161 2358 dei
1176 2299 1272 2358 causis

61 2385 182 2478 bautii?
207 2449 231 2486 y.
271 2414 299 2464 et
315 2404 409 2461 maior
431 2404 580 2463 mundicia
602 2405 665 2463 eius
689 2404 845 2463 ministris:
869 2403 908 2464 Si
926 2424 992 2481 ergo
1014 2425 1069 2463 non
1091 2406 1183 2463 omue⁴
1199 2406 1275 2481 quod
1280 2403 1305 2450 1-

61 2486 242 2537 meu,vehichare
280 2513 286 2524 .
489 2512 495 2525 .
861 2514 868 2525 .
1145 2515 1151 2527 .
1188 2516 1194 2527 .
1271 2515 1277 2527 .

60 2536 206 2579 unlamulsor
271 2518 344 2569 mter
356 2517 455 2568 ceteros
469 2513 532 2568 lecet
549 2518 612 2568 aute
626 2509 822 2586 Imperatorem
841 2513 929 2583 laceat,
944 2519 1046 2587 quanto
1068 2531 1161 2588 mages
1180 2532 1211 2570 m
1230 2512 1272 2570 dee

60 2595 238 2689 &Qirmisin
271 2620 364 2676 causis
377 2637 411 2675 ac
422 2626 475 2693 per
494 2618 543 2676 boc
558 2617 720 2676 Antistatem
740 2620 799 2676 eries
810 2620 956 2693 puriorem
978 2620 1074 2677 ceteris
1091 2637 1145 2677 esse
1162 2625 1271 2694 oportet.
1283 2628 1318 2664 ²0

61 2687 139 2737 whom,
149 2702 173 2729 as
182 2688 219 2728 the

61 2737 262 2839 ffiffiffi
272 2723 367 2799 Ipsiea
380 2726 450 2782 em'm
466 2734 612 2799 personam
630 2723 728 2782 babere
746 2725 863 2795 vedetur,
877 2724 946 2799 quio
960 2744 1059 2782 necesse
1071 2723 1153 2782 babet
1166 2725 1274 2782 cottidie

61 2838 220 2931 &oibiibeisni
224 2851 263 2880 un·
274 2829 370 2889 Cristi
379 2833 462 2888 oe'eem
476 2849 565 2906 agere,
582 2837 634 2888 out
646 2848 728 2889 orare
736 2841 791 2905 pro
795 2830 916 2906 populo⁵
930 2837 981 2888 aut
993 2831 1091 2910 ‹effure
1103 2837 1272 2908 autuagere.

62 2939 192 2981 dwded·
271 2935 334 2996 Nec
346 2939 432 2995 solum
444 2937 510 2994 buie
523 2957 578 2995 uon
592 2939 656 2995 licet
667 2938 764 2996 laicale
777 2936 895 3014 euticium
909 2938 958 2996 sed
968 2957 1051 3012 neque
1064 2938 1193 2995 me'reeitro
1205 2940 1272 3008 eries,

271 3045 324 3119 qui
342 3044 415 3101 debet
434 3064 488 3101 esse
508 3047 602 3102 cetere's
619 3045 732 3118 purior,
750 3047 818 3120 quia
840 3051 937 3103 saneta
959 3051 1026 3101 sunt
1047 3063 1098 3119 que
1121 3046 1272 3103 ministrat.

272 3148 311 3207 Et
332 3149 416 3225 ponit
439 3149 607 3226 exemplum
630 3149 817 3226 quadruplex,
840 3169 892 3225 per
915 3150 994 3228 quod
1018 3151 1210 3210 ascendemus
1234 3150 1273 3209 ad
1284 3159 1317 3209 ²5

271 3255 517 3315 considerandum
532 3256 659 3315 divinam
678 3257 884 3316 excellenciam
898 3266 927 3315 et
941 3275 994 3332 per
1008 3274 1191 3332 consequens
1205 3275 1273 3334 pro·

272 3361 502 3438 porcionabilem
526 3363 735 3422 excellenciam
757 3362 787 3420 in
807 3362 969 3421 ministrisl.
1011 3360 1101 3433 Sicut,
1120 3362 1222 3438 inquit,
1243 3363 1274 3420 in

271 3469 492 3544 comparaceone⁷
516 3471 625 3529 lucerne
648 3470 750 3527 tenebre
769 3488 822 3526 nou
840 3475 948 3526 tautum
968 3469 1086 3540 obscure,
1108 3470 1156 3526 sed
1165 3470 1275 3528 sordide

272 3582 361 3644 sunt,·
382 3577 424 3634 ad
436 3578 670 3652 comparaeiouem
685 3583 773 3634 autem
791 3576 944 3655 stilorum,
959 3576 1074 3632 lucerna
1098 3577 1189 3651 caligo
1199 3594 1215 3643 ,·
1237 3575 1278 3632 ad

272 3685 338 3741 solis
366 3702 430 3743 oero
457 3685 691 3760 comparaeiouem
718 3684 790 3740 stelle
817 3683 909 3740 nebule
935 3687 1024 3751 sunt,·
1053 3669 1094 3738 ad
1116 3682 1162 3739 dei
1185 3689 1321 3750 autemso

272 3791 426 3849 claritatem
450 3789 519 3848 *sol
529 3809 590 3849 nox
603 3797 643 3848 est
650 3811 665 3858 ,·
687 3792 728 3847 sic
741 3809 792 3864 que
804 3791 845 3847 ad
855 3788 1003 3864 t'nferiores
1022 3795 1090 3846 sunt
1102 3789 1181 3847 Ie'ee'ta
1194 3795 1305 3864 atquae
1318 3806 1349 3853 b.

200 3908 205 3913 “
272 3898 377 3954 munda
395 3903 462 3955 utut
474 3903 544 3972 apat
555 3899 707 3971 superiores
722 3897 808 3970 quasi
819 3897 919 3953 illicita
931 3902 959 3953 et
970 3895 1122 3952 e'mmundo.
1168 3893 1275 3966 Quam-

271 4021 355 4078 quam
377 4004 449 4062 enim
468 4002 537 4060 baua
555 4008 628 4074 sunt,
641 4012 757 4077 persone
776 4008 864 4059 tamen
881 4003 1022 4076 superiori
1038 4020 1093 4060 non
1114 4007 1275 4078 competunt.

306 4156 384 4208 'auc‘
397 4181 417 4199 =
431 4157 560 4212 autentica
580 4156 779 4205 antonomatice?
853 4154 912 4215 let,
931 4171 978 4204 om.
997 4167 1021 4204 Β.
1096 4154 1231 4219 ³quand0‚
1252 4168 1276 4204 Β.

273 4227 351 4284 ‘esse
363 4243 412 4299 pro
428 4251 490 4293 esse,
508 4247 532 4283 Β,
599 4232 677 4298 ⁵pro,
699 4250 747 4283 om.
766 4246 791 4282 Α.
859 4230 868 4259 ⁸
884 4233 1033 4282 excellencia
1052 4233 1077 4282 in
1099 4232 1229 4293 ministris,
1247 4235 1277 4282 iu

274 4328 354 4375 marg.
370 4313 443 4376 infer.
456 4314 508 4362 olio
521 4328 610 4373 mauu,
622 4324 645 4360 u.
712 4309 722 4337 ⁷
739 4310 963 4374 comparacionem‚
977 4322 1000 4358 Β,
