2828 5048
85 411 146 459 112
604 407 652 455 DE
675 407 822 458 OFFICIO
846 406 965 458 REGIS.

80 579 257 683 §pyrippecl{pipptte
289 567 402 626 Cristus
417 565 516 625 debuit
530 565 660 642 Baptiste
676 567 837 643 baptisatus
852 568 889 625 ab
904 585 948 625 eo·
993 565 1204 626 Verumtamen
1226 584 1292 626 non

79 691 103 724 to
112 683 149 723 the
159 682 249 734 Bentist·
289 674 374 732 solvit
389 674 443 732 sibi
458 674 618 750 didragma,
635 674 709 733 sicut
723 694 777 734 nec
791 675 897 733 debuit.
941 673 1020 734 Sicut
1034 675 1156 734 enimin
1171 674 1293 734 honori-

289 781 411 840 ficencia
428 782 605 840 attendenda
619 791 662 840 est
677 782 753 840 racio
767 781 988 852 honorificandi,
1004 782 1046 842 sic
1066 783 1097 841 in
1119 782 1293 843 obediencia

289 898 331 947 est
360 891 439 948 racio
467 890 601 967 precipue
629 888 822 960 attendenda;
857 889 1023 948 obediendo
1050 890 1204 966 utrobique
1233 889 1292 948 deo

288 997 480 1073 principaliter
502 1006 530 1055 et
548 997 650 1055 virtute
673 996 765 1054 illius¹
786 996 957 1056 obediencie
983 996 1149 1057 obediendo
1173 997 1292 1056 cuilibet
1303 1021 1319 1069 5

289 1103 369 1162 alteri
380 1103 492 1164 homini
508 1104 597 1164 modo
609 1120 671 1174 suo,
684 1104 815 1162 cavendo
827 1121 942 1179 semper
954 1122 971 1161 a
982 1105 1203 1180 perpetracione
1217 1101 1232 1134 *
1245 1106 1291 1163 vel
1301 1116 1342 1162 24
1355 1119 1383 1164 d.

290 1212 479 1270 ommissione
502 1222 603 1270 contra
625 1210 709 1269 Cristi
732 1211 853 1270 consilia
880 1212 924 1269 vel
952 1221 1097 1288 precepta,
1128 1212 1197 1288 quia
1224 1212 1292 1270 talis

80 1300 273 1393 {issdwffliiff‘
289 1320 460 1379 obediencia
474 1338 535 1378 non
555 1319 629 1378 foret
650 1320 802 1380 canonica.
844 1319 896 1378 Ille
917 1320 1002 1396 igitur
1022 1320 1072 1396 qui
1094 1319 1237 1378 submittit
1259 1337 1292 1378 se

79 1403 135 1454 obey
144 1403 180 1443 the
189 1416 245 1443 com·
312 1427 344 1440 ··
415 1427 421 1439 .
700 1427 705 1439 .
1070 1427 1076 1441 .
1249 1427 1254 1440 .

79 1453 221 1494 masna„
289 1426 387 1485 drvrno
413 1426 548 1503 rmpulsu,
564 1445 626 1484 non
648 1427 781 1503 obligans
804 1444 835 1484 se
858 1426 942 1485 stulte
964 1425 1003 1486 ad
1022 1425 1189 1486 faciendum
1203 1428 1292 1504 quid·

78 1504 250 1596 iii⁰sriiid¹r⁶s³d
289 1532 359 1610 quid
386 1533 503 1609 ignarus
538 1534 701 1610 prepositus
729 1552 798 1592 suus
833 1543 934 1593 contra
969 1535 1124 1593 consilium
1159 1535 1292 1593 divinum
1305 1551 1339 1586 10

26 1688 29 1693 ·
78 1605 276 1757 ἓὲἕὲἔὲξᾘξῖ·
288 1640 476 1712 mandaverit,
492 1640 595 1699 deserit
609 1640 766 1716 prudenter
778 1642 928 1717 propriam
942 1641 1121 1700 voluntatem
1136 1652 1164 1702 et
1178 1643 1293 1720 obligat

31 1746 34 1751 .
223 1721 250 1746 w,
267 1736 273 1756 ,

32 1760 36 1795 ἰ
78 1756 267 1849 fflffislloffi
288 1767 318 1806 se
343 1748 483 1808 voluntati
509 1747 555 1806 dei
584 1748 798 1819 comunissime‚
813 1748 861 1806 cui
889 1766 993 1807 omnes
1022 1749 1118 1826 augeli
1138 1748 1239 1808 nunc²
1262 1759 1292 1808 et

78 1857 256 1950 ffldlssirsovfeirg
288 1873 391 1914 omnes
419 1855 530 1914 sancti³
551 1864 693 1932 appetunt
721 1855 961 1930 quoddammodo
993 1855 1177 1916 conformari.
1233 1856 1292 1916 Sed

287 1963 447 2022 claustralis
462 1963 608 2022 dimittens
622 1962 698 2021 hanc
714 1962 925 2040 professionem
947 1964 1076 2040 sequitur
1097 1964 1241 2040 privatam
1261 1973 1336 2024 etv.

288 2071 436 2147 propriam
450 2070 638 2130 voluntatem.
679 2069 718 2127 Et
732 2069 785 2128 hec
805 2071 884 2129 racio
905 2087 995 2146 quare
1016 2069 1244 2146 multiplicantur
1259 2072 1291 2129 in
1304 2091 1335 2140 15

288 2176 487 2236 claustralibus
507 2187 567 2235 tarn
582 2178 657 2236 varie
672 2178 845 2236 voluntates.
887 2176 952 2236 Nec
974 2177 1059 2235 refert
1080 2195 1138 2254 que
1160 2188 1293 2237 creatura

288 2284 365 2342 dicat
386 2284 458 2342 mihi
477 2284 656 2344 voluntatem
676 2284 752 2356 dei4,
774 2303 842 2342 cum
864 2285 929 2361 plus
950 2284 1148 2343 obediendum
1168 2295 1212 2344 est
1228 2287 1291 2362 regi

288 2391 383 2449 David
398 2401 425 2450 et
442 2410 497 2450 suo
511 2392 570 2449 filio
589 2391 748 2464 Salomoni,
763 2410 830 2449 cum
846 2392 901 2449 sint
917 2409 1028 2467 organa
1043 2390 1167 2468 Spiritus
1183 2393 1288 2463 sancti,

288 2517 378 2575 quam
393 2499 423 2556 in
438 2499 545 2557 neutris
559 2500 695 2558 omnibus
709 2498 770 2557 aliis
784 2499 928 2575 episcopis
942 2500 1013 2557 citra
1024 2498 1161 2558 Cristum.
1204 2499 1292 2558 Patet

286 2608 316 2664 in
334 2609 390 2666 isto
411 2606 514 2683 psalmi
535 2607 611 2665 cxvii
627 2606 807 2684 Confilemz'ni
824 2607 933 2664 domzizo
953 2608 1085 2681 quom'om
1100 2606 1197 2678 bonus,
1213 2616 1242 2665 et
1256 2606 1290 2664 in
1301 2609 1343 2660 Pa
1353 2609 1408 2660 cxvi

285 2717 341 2773 isto
354 2714 545 2773 Ecclesiastes
555 2713 594 2770 xii
613 2714 689 2772 lime
702 2715 779 2772 deum
794 2720 821 2772 et
832 2714 966 2772 mandata
978 2716 1037 2771 ez'us
1050 2714 1161 2772 serval.
1203 2714 1290 2772 Post·
1302 2711 1371 2762 Eoel·
1403 2713 1408 2724 '

286 2823 424 2898 ponenda
447 2823 508 2880 est⁶
532 2822 616 2898 igitur
640 2823 793 2881 auctoritas
817 2832 947 2880 creature
978 2821 1145 2880 mandantis
1171 2831 1201 2879 et
1223 2840 1291 2898 pre·
1304 2791 1344 2838 η’

286 2929 529 3006 ponderabiliter⁷
544 2929 740 2987 obediendum
754 2938 797 2987 est
812 2939 892 2988 certo
906 2929 1028 3004 imperio
1045 2928 1191 2988 creatoris.

78 3056 169 3110 eomtng
177 3072 225 3100 now
234 3069 257 3100 to
327 3035 454 3096 Ulterius
475 3055 535 3114 quo
550 3038 587 3095 ad
602 3037 816 3114 perfeccionem
837 3047 964 3095 statuum
978 3036 1089 3094 videtur
1111 3036 1182 3094 mihi
1205 3036 1291 3114 quod

76 3110 115 3150 the
124 3109 267 3160 comparative
450 3144 456 3156 .
901 3145 906 3156 .
992 3143 999 3157 .
1052 3142 1057 3154 .
1094 3143 1100 3157 .
1152 3143 1158 3156 .

76 3160 227 3221 peffecttonor
287 3154 376 3201 status
390 3143 457 3202 clerr
475 3153 556 3201 extra
577 3144 734 3202 claustrum
755 3162 843 3220 quern
858 3142 970 3202 Cnstus
991 3151 1113 3202 rnstrturt
1136 3153 1173 3201 stt
1197 3145 1291 3202 staffis
1304 3159 1335 3209 ²5

76 3219 111 3353 ΞΞ
108 3219 221 3355 {iffi
233 3225 278 3303 em
287 3251 512 3328 perfectissimus
534 3252 658 3310 viatoris.
701 3250 771 3310 Non
794 3252 872 3308 enim
900 3262 1019 3326 propter
1046 3251 1187 3328 privatam
1215 3253 1292 3310 ceri·

76 3364 269 3455 gjtetrraclppsstffiloed
287 3360 416 3418 moniam
444 3377 501 3436 que
530 3368 573 3417 est
601 3359 631 3416 in
655 3377 724 3417 casu
752 3359 861 3434 private
885 3377 1010 3434 persone
1034 3358 1130 3416 utilior
1158 3359 1293 3434 sequitur

76 3464 260 3567 disip‘ssieisstfh‘
286 3467 428 3544 generalis
453 3476 543 3526 status
571 3465 759 3542 perfeccionis
786 3484 939 3538 excessus;
969 3477 1001 3525 ut
1025 3485 1086 3525 non
1113 3475 1239 3542 oportet,
1267 3468 1295 3526 si

76 3566 269 3668 {lrfflssffie‘hm‘acffi
286 3575 415 3652 Baptiste
439 3575 483 3633 vel
506 3574 585 3632 alteri
610 3573 683 3632 foret
707 3573 803 3631 utilius
828 3574 969 3649 penaliter
993 3575 1090 3650 vagari
1111 3575 1142 3632 in
1164 3574 1292 3634 heremo

76 3666 256 3759 i'ssssffifii‘ffiu‘gl
285 3701 374 3759 quam
389 3681 552 3742 conversari
567 3681 640 3739 inter
654 3679 788 3738 homines
803 3681 962 3757 apostolice
982 3681 1191 3751 conversando,
1207 3683 1293 3757 quod
1304 3708 1339 3758 30

283 3800 437 3866 propterea
460 3798 550 3846 status
571 3787 752 3846 heremiticus
774 3786 819 3845 vel
846 3788 1038 3847 anacoriticus
1066 3789 1102 3846 sit
1129 3786 1295 3864 perfeccior

286 3915 375 3973 quam
400 3905 489 3954 status
514 3895 684 3971 episcopalis
707 3894 751 3952 vel
774 3895 957 3970 apostolicus
1002 3894 1077 3971 Sepe
1103 3912 1234 3972 namque
1260 3897 1295 3955 in

286 4014 362 4062 statu
376 4001 586 4079 imperfecciori
600 4010 644 4059 est
657 4020 783 4078 persona
797 4001 898 4060 virtute
913 4002 1080 4079 perfeccior.
1122 4000 1211 4060 Unde
1233 4020 1294 4079 pro

286 4110 388 4168 maiori
416 4109 617 4168 declaracione
652 4111 771 4168 materie
806 4109 967 4167 notandum
1002 4118 1047 4168 est
1080 4108 1175 4185 primo
1206 4109 1295 4184 quod

318 4240 441 4299 ¹eius,1³.
496 4241 596 4296 ²nunc,
606 4256 653 4289 om.
666 4252 692 4288 Α.
745 4240 858 4290 ³natura
864 4248 914 4304 pro
925 4241 1012 4300 sanctI,
1024 4254 1050 4289 Α.
1110 4239 1184 4300 ‘dei
1199 4256 1247 4291 om.
1262 4255 1294 4292 Α.

286 4319 295 4348 ⁵
312 4333 389 4379 serva,
401 4335 447 4368 om.
462 4332 487 4369 Α.
553 4317 563 4345 ⁶
580 4319 656 4381 igitur
667 4327 709 4378 est,
724 4331 747 4366 Β.
815 4317 824 4345 ⁷
841 4318 1013 4383 prepoderatis
1026 4317 1083 4383 (sic)
1097 4331 1122 4368 Α.
