2932 5046
545 428 594 477 DE
617 428 764 479 OFFICIO
789 427 906 478 REGIS.

228 581 406 643 infallibilem
420 585 588 644 veritatem?
627 584 705 644 Nam
720 585 829 662 precise
844 584 1040 644 obediendum
1054 594 1097 643 est
1112 579 1224 641 homini

227 690 264 748 de
287 701 397 767 quanto
423 692 491 750 dicit
514 691 693 751 voluntatem
714 691 760 749 dei
782 709 871 768 quam
894 689 1060 748 naturaliter
1084 689 1158 765 gerit
1180 690 1224 746 in-

227 796 363 872 scriptam
374 817 383 870 ;
405 807 442 867 et,
460 817 497 857 ne
520 817 572 875 per
594 798 815 869 anticristianoS,
839 805 995 856 statuentes
1018 795 1158 854 blasieme
1180 795 1224 853 vel

227 903 399 962 mandantes
427 904 523 963 Cristo
558 905 743 976 contrarium,
766 902 891 980 populus
926 903 1086 973 seducatur,
1123 919 1224 977 super-

203 1009 338 1074 5addidit
359 1010 453 1087 legem
475 1029 566 1083 suam,
583 1011 628 1069 cui
650 1010 741 1070 noluit
763 1009 918 1086 superaddi
943 1008 987 1066 vel
1011 1008 1103 1066 minui
1118 1009 1225 1084 imper-

227 1116 322 1175 tinens
350 1117 408 1175 sive
433 1117 610 1176 contrarium
635 1136 688 1194 per
715 1117 835 1195 quoda
859 1116 998 1192 religione
1026 1114 1150 1173 naturali
1178 1113 1225 1171 dei

226 1222 353 1300 populus
377 1223 545 1283 tardaretur.
586 1222 625 1281 Et
649 1233 682 1298 3⁰
695 1233 775 1300 patet
797 1223 935 1281 scmtanti
957 1231 1051 1280 totum
1074 1220 1223 1279 hominem
1234 1228 1412 1290 ⁸1⁴'11rther1110retr

1234 1289 1250 1321 rt
1260 1281 1329 1321 shows
1338 1281 1395 1320 what

227 1347 295 1386 cum
309 1339 419 1405 quanta
436 1329 595 1406 prudencia
616 1330 652 1387 sit
672 1330 780 1390 occisio
801 1328 941 1387 facienda.
982 1327 1126 1386 Videmus
1147 1327 1407 1422 enimsslfgffiffissgg

228 1437 477 1512 conposicionem‚
495 1437 749 1495 continuacionem
770 1445 799 1494 et
820 1444 952 1492 mutuam
981 1431 1346 1510 suffragacioneminkfflins·

190 1543 337 1603 ronedum
352 1561 403 1619 per
417 1542 574 1614 hominem,
590 1543 642 1601 sed
663 1560 714 1618 per
735 1551 827 1600 totam
848 1540 1065 1598 universitatem
1087 1550 1223 1612 creatam,

227 1667 279 1724 per
293 1650 372 1725 quod
387 1650 516 1725 signatur
531 1650 616 1708 nobis
633 1649 793 1708 secundum
814 1647 910 1724 legem
931 1647 1057 1706 caritatis
1077 1647 1226 1723 indispen-

228 1755 349 1814 sabilem
381 1757 461 1833 quod
489 1757 585 1816 omnis
620 1756 711 1815 homo
749 1756 835 1813 debet
863 1773 983 1814 omnem
1007 1753 1157 1812 hominem
1181 1754 1226 1810 in-

228 1862 427 1939 separabiliter
441 1863 559 1938 diligere
574 1873 601 1921 et
616 1863 727 1935 iuvare;
742 1880 778 1920 ex
793 1880 853 1939 quo
869 1861 1014 1920 convincit
1035 1860 1116 1936 quod
1131 1859 1223 1919 solum
1234 1861 1401 1953 gglpbtevpgppm

229 1969 348 2045 quando
370 1971 537 2027 membrum
559 1969 680 2028 humani
702 1969 816 2046 generis
839 1968 984 2045 reliquum
1007 1968 1136 2027 inficeret
1150 1966 1194 2025 vel
1209 1961 1414 2054 affissrffidigg

189 2102 218 2151 15
230 2076 349 2134 servicio
373 2076 430 2134 deo
455 2076 553 2134 debito
578 2076 730 2152 impediret
758 2075 870 2134 abscidi
899 2075 985 2133 debet
1009 2074 1054 2133 vel
1081 2073 1225 2132 caritative
1234 2064 1395 2161 {¹322ssquss

228 2182 388 2240 resistendo
417 2182 454 2239 ad
482 2183 525 2240 sui
550 2182 708 2241 comodum
743 2181 923 2251 conmoveri‚
945 2190 974 2239 et
1009 2180 1169 2257 specialiter
1203 2180 1226 2237 si
1235 2165 1312 2257 {ippum
1322 2163 1349 2204 *¹⁸
1362 2163 1434 2204 bimi

229 2290 352 2365 superbe
382 2298 411 2346 et
438 2289 577 2348 blasfeme
606 2287 834 2365 attemptaverit¹
863 2288 970 2365 aliquid
998 2298 1099 2347 contra
1126 2287 1223 2347 deum.
1234 2288 1353 2338 decedis
1362 2294 1385 2328 10

1232 2340 1264 2381 Ch
1301 2348 1370 2380 ostom
1378 2351 1417 2378 our

229 2394 308 2453 Nam
323 2395 483 2452 secundum
498 2396 711 2455 Crisostomum
725 2396 857 2452 membra
871 2394 1013 2453 nobiliora
1028 2394 1088 2451 sine
1104 2393 1223 2469 strepitu
1233 2353 1336 2430 medies
1345 2396 1412 2429 areat

1247 2453 1312 2480 oncor
1335 2439 1386 2478 with
1395 2451 1436 2478 one

230 2501 273 2559 vel
289 2501 445 2560 rebellione
459 2502 631 2578 ignobilium
652 2502 761 2560 faciunt
781 2501 965 2560 concorditer
982 2518 1067 2558 suum
1088 2441 1397 2591 officium.{}ffi¹{‘igfg¹rtbs

189 2630 221 2664 ao
229 2607 315 2665 Unde
331 2609 369 2665 ad
384 2608 605 2685 deprimendum
619 2608 780 2666 humanam
796 2608 961 2682 superbiam
972 2606 1114 2665 ordinavit
1125 2615 1226 2664 auctor
1235 2591 1299 2633 Μ

229 2723 330 2773 nature
346 2714 504 2773 secundum
520 2714 684 2791 apostolum
700 2715 831 2772 membra
842 2731 898 2789 que
910 2711 1083 2787 ignobiliora
1093 2710 1227 2769 videntur

67 2834 152 2884 reor.
166 2833 210 2882 xii.
231 2822 426 2880 necessariora
451 2821 488 2879 ad
511 2821 598 2880 vitam
620 2820 781 2891 hominum,
805 2828 837 2876 ut
858 2818 889 2875 in
914 2818 970 2875 hoc
993 2835 1053 2874 non
1080 2817 1228 2876 discamus

67 2913 105 2960 23·
231 2928 408 3007 contendere
436 2929 512 2986 circa
541 2929 732 2987 maioritatem
759 2926 850 2986 nostri
880 2925 974 2996 officii,
1001 2924 1052 2982 sed
1074 2943 1229 3001 operemur

231 3035 344 3092 bonum
372 3035 410 3094 ad
431 3053 534 3095 omnes
561 3036 701 3092 instanter
728 3033 928 3093 credulitatem
957 3033 1063 3091 nostris
1091 3033 1229 3110 operibus

189 3167 220 3217 25
231 3140 432 3218 relinquentes
448 3142 664 3200 considerantes
681 3140 760 3217 quod
778 3140 856 3199 solus
870 3138 916 3198 ille
931 3139 1077 3199 homicida
1092 3142 1128 3197 ab
1142 3140 1229 3199 inicio

231 3265 299 3305 cum
326 3247 385 3306 suis
407 3247 471 3306 filiis
491 3247 651 3306 affeccione
673 3241 800 3326 vacui[s]
816 3246 940 3304 seminat
962 3246 1135 3304 discordiam
1156 3246 1229 3304 inter

66 3359 144 3407 541).
230 3352 340 3412 fratres
391 3352 516 3412 Caritate
541 3351 555 3383 *
582 3353 668 3429 igitur
696 3351 824 3410 subtrahi
852 3352 937 3410 debet
965 3351 1062 3410 facula
1090 3352 1119 3408 in
1143 3351 1229 3410 bonis

232 3459 368 3530 minimis,
383 3459 453 3516 dum
468 3459 587 3517 flamma
608 3458 776 3516 innaturalis
793 3457 971 3526 accenditur,
987 3467 1097 3528 natura,
1113 3475 1171 3533 que
1186 3467 1229 3517 est

232 3583 307 3641 opus
332 3565 377 3623 dei
404 3574 433 3624 et
461 3565 534 3635 tinia,
555 3565 652 3640 gracia
676 3564 757 3622 cuius
780 3563 908 3622 affectari
932 3563 1018 3621 debet
1042 3562 1228 3638 emplastrum

67 3672 216 3735 Augustine,
232 3669 406 3730 stercorum²
421 3671 554 3747 semper³
569 3669 654 3729 salva.
688 3669 776 3728 Unde
792 3669 952 3728 secundum
968 3669 1164 3744 Augustinum
1178 3669 1425 3735 in⁴sbrrugusrtneon

66 3740 163 3853 Ques..
230 3777 277 3836 De
304 3778 505 3853 questionibus
532 3777 682 3852 euangelii
707 3786 757 3835 ca⁰
785 3786 847 3850 29⁰,
872 3775 951 3833 idem
978 3775 1051 3833 s⁰set
1079 3728 1303 3834 h⁰minempnda

64 3869 133 3917 xxix.
231 3884 378 3960 superbire
394 3884 429 3942 de
441 3882 650 3960 temporalibus
659 3883 827 3941 necessariis
842 3883 879 3939 ad
894 3881 1078 3940 sanandum⁶
1092 3882 1229 3940 morbum

232 3991 261 4046 in
286 4007 373 4064 quem
398 3988 496 4066 lapsus
520 3999 622 4047 estex
647 3998 767 4065 peccato
792 3987 878 4065 primi
905 3987 1032 4046 hominis
1057 4005 1092 4045 ac
1117 3985 1141 4044 si
1165 3986 1230 4062 quis

232 4095 391 4172 superbiret
412 4096 546 4153 maniacc
569 4113 605 4153 ex
630 4112 719 4152 onere
741 4092 931 4169 deprimentis
960 4091 1037 4151 sacci
1064 4091 1229 4168 multiplicis

265 4244 273 4272 ¹
290 4247 460 4309 acceptaverit,
474 4258 498 4294 A.
574 4243 584 4270 ²
600 4251 739 4294 sanctorum
752 4249 800 4306 pro
812 4250 955 4301 stercorum,
968 4254 992 4289 A.
1072 4239 1081 4267 ³
1098 4253 1170 4304 super
1181 4245 1230 4302 pro

232 4338 333 4388 semper,
348 4336 373 4371 a.
441 4323 449 4352 ⁴
467 4324 500 4381 in,
513 4337 557 4371 om.
572 4333 598 4370 A.
666 4322 675 4350 ⁵
693 4320 839 4371 salvandum
851 4326 900 4384 pro
912 4317 1057 4378 sanandum,
1071 4329 1096 4365 A.
