2828 5048
100 429 165 493 214
620 426 669 475 na
692 424 843 476 orrrcro
867 424 985 474 nrcrs.

96 597 273 691 fressheiigppplpgp
308 585 428 644 fecciorl
443 584 487 643 vel
503 582 659 661 perfeccior
673 602 710 642 ex
722 584 876 642 dotacione
888 582 1016 642 Cesarea
1029 591 1058 640 et
1073 600 1210 658 suppono
1226 581 1307 658 quod

97 699 139 751 lise
155 700 213 740 them
221 709 244 760 tp
252 713 299 750 pro·
308 692 443 762 dicerent,
460 691 541 751 sicud
555 691 632 762 olim,
649 690 729 767 quod
744 702 833 749 status
854 689 900 747 ille
915 690 950 748 sit
964 689 1178 749 accidentaliter
1200 690 1308 766 imper·

97 759 273 847 illim?
306 799 411 857 feccior
421 809 451 857 et
464 816 602 857 mamona
613 807 781 869 venenatus
793 815 860 856 cum
875 807 991 873 propter
1005 796 1179 856 decretalem
1191 796 1308 855 Nicolai

308 906 405 964 Tercii
430 905 460 963 in
483 905 592 964 Sexto:
622 903 716 962 Exiit
733 906 786 980 qui
804 907 929 976 semzitat,
951 913 1011 962 tam
1032 905 1125 963 eciam
1147 904 1216 982 quia
1238 903 1379 963 con-Sexti

307 1013 455 1071 vincerent
479 1030 510 1070 se
535 1012 616 1088 ipsos
641 1011 677 1069 de
701 1012 805 1087 supina
828 1011 951 1070 stulticia
978 1012 1060 1088 quod
1084 1020 1145 1070 tam
1173 1010 1309 1087 penalem
1318 971 1414 1084 {iffi

307 1129 336 1178 et
352 1120 492 1178 miserum
509 1127 615 1177 statum
632 1119 721 1194 gratis
741 1118 875 1189 subeunt,
890 1119 941 1176 ubi
962 1118 1073 1177 facilius
1090 1118 1268 1177 iucundius²
1282 1101 1356 1176 etxii.
1367 1115 1384 1149 ⁶·
1393 1111 1410 1159 ³·

307 1225 447 1285 voluntati
476 1225 522 1284 dei
550 1224 729 1283 conformius
756 1234 877 1300 possent
902 1243 1015 1284 servare
1045 1234 1152 1285 statum
1180 1225 1310 1301 proprie-

307 1333 411 1393 tarium
440 1332 506 1409 plus
533 1331 702 1407 perfectum,
731 1341 759 1390 et
787 1332 828 1390 sic
858 1333 1041 1409 imponerent
1069 1333 1164 1391 Cristo
1192 1341 1222 1390 et
1252 1334 1312 1391 suis

309 1440 448 1517 apostolis
463 1437 645 1497 blasfemiam
658 1438 821 1510 stulticiam,
836 1449 865 1497 et
879 1438 1015 1498 fratribus
1029 1439 1236 1515 recipientibus
1251 1449 1310 1497 tam

308 1548 460 1624 religiosos
474 1564 563 1622 quam
578 1546 724 1605 seculares
743 1545 781 1604 ad
795 1563 880 1604 suurn
897 1545 1030 1605 ordinem
1044 1564 1146 1605 cecam
1161 1556 1191 1604 et
1204 1546 1309 1606 deteri·
1319 1547 1348 1593 Τ·

308 1657 448 1716 orativam
463 1655 670 1732 ignoranciam.
704 1651 718 1685 *
750 1654 824 1712 Ideo
838 1664 881 1713 est
900 1654 971 1711 mihi
985 1654 1138 1713 verisimile
1158 1654 1239 1731 quod
1254 1653 1409 1712 vitarotltt

309 1763 401 1835 Cristi,
422 1782 474 1822 sua
498 1762 645 1822 confessio
669 1772 699 1821 et
721 1761 908 1822 conformitas
933 1762 971 1821 ad
996 1772 1102 1821 statum
1125 1762 1308 1833 innocencie,
1318 1766 1346 1813 Ψ.

307 1870 465 1929 excludens
491 1870 580 1928 seculi
601 1870 767 1927 servitutem
789 1867 977 1928 conformiter
997 1868 1035 1926 ad
1057 1878 1164 1927 statum
1186 1869 1309 1928 ecclesie

307 1977 466 2054 apostolice
486 1986 515 2035 et
535 1976 656 2034 ecclesie
674 1976 884 2053 triumphantis,
901 1977 1084 2035 necessitabit
1105 1993 1157 2034 eos
1179 1976 1219 2034 ad
1240 1995 1309 2036 con-

308 2083 473 2144 cedendum
498 2083 578 2160 quod
602 2102 639 2142 ex
668 2083 821 2143 dotacione
846 2082 973 2142 Cesarea
1001 2083 1192 2159 imperlicitur
1218 2083 1310 2142 clerus
1320 2094 1346 2144 15

309 2190 404 2250 Cristi.
454 2189 545 2248 Aliter
572 2191 651 2248 enim
680 2190 793 2250 timeret
821 2191 876 2249 sibi
908 2191 944 2250 de
975 2191 1091 2249 racione
1122 2190 1310 2249 dominorum

308 2297 471 2357 dicencium
495 2297 576 2374 quod
605 2297 708 2356 sufficit
736 2317 828 2374 regno
857 2317 910 2357 suo
938 2298 1047 2357 habere
1074 2298 1110 2356 de
1139 2308 1216 2356 statu
1246 2298 1311 2357 cleri

308 2403 476 2481 perfecciori
501 2404 602 2463 dotato
629 2404 683 2463 etsi
711 2423 773 2463 non
800 2414 935 2463 oneretur
963 2414 1007 2463 tot
1034 2415 1063 2463 et
1090 2405 1197 2463 talibus
1226 2406 1311 2464 sectis

311 2511 496 2588 inperfectis³
521 2529 644 2587 regnum
666 2511 825 2587 irreligiose
855 2511 1131 2588 depauperantibus‚
1160 2531 1218 2590 que
1244 2531 1311 2571 cum

309 2628 429 2696 possent
453 2618 491 2677 ad
512 2629 618 2677 statum
640 2619 850 2695 perfecciorem
873 2618 1029 2678 ascendere
1055 2619 1138 2677 stulte
1161 2629 1311 2680 remanent
1319 2625 1347 2664 ²⁰

307 2727 338 2784 in
365 2736 441 2785 statu
464 2726 683 2803 imperfecciori,
708 2735 858 2802 tamquam
886 2726 1038 2803 yppocrite
1067 2737 1168 2786 contra
1196 2728 1311 2805 regulas

99 2847 180 2889 unse
187 2847 278 2898 granted
308 2833 442 2892 caritatis.
486 2834 597 2892 Habito
622 2833 718 2911 itaque
742 2834 822 2909 quod
850 2843 941 2892 status
966 2833 1036 2892 cleri
1061 2834 1179 2893 racione
1204 2853 1310 2912 expro-

97 2899 145 2940 that
154 2898 191 2938 the
202 2896 274 2938 condi·

96 2940 467 3050 illeilclid⁰l3³lpsi³⁰l⁰nl⁵
480 2940 636 3017 perficitur,
650 2950 728 3017 patet
743 2941 824 3018 quod
843 2940 946 2999 eadem
959 2950 1003 2999 est
1017 2939 1096 2999 racio
1114 2940 1150 2999 de
1172 2942 1311 3000 omnibus

97 3049 300 3160 {pieshssffisipsoffi
308 3047 439 3124 personis
458 3056 487 3105 et
505 3046 626 3122 singulis
648 3046 715 3105 cleri
735 3046 830 3120 Cristi,
848 3048 923 3105 sicut
937 3057 1017 3124 patet
1031 3047 1067 3106 de
1080 3066 1159 3124 papa
1173 3057 1202 3107 et
1217 3049 1310 3108 cardi-

96 3149 276 3251 3333ssng
310 3152 423 3211 nalibus
452 3171 545 3230 usque
576 3152 619 3228 ad¹
646 3153 778 3212 infimum
812 3155 1000 3227 sacerdotem,
1026 3155 1107 3214 sicud
1136 3154 1247 3215 elicitur
1274 3160 1350 3214 ex²5

96 3251 299 3353 ξὶῗῗοῑξὲξζξιζξξ
308 3261 427 3320 racione
448 3261 576 3320 nominis
597 3261 664 3319 cleri
691 3262 789 3339 sepius
814 3263 976 3339 explanata.
1019 3263 1107 3322 Unde
1130 3274 1236 3325 vocato
1260 3265 1312 3324 illo

306 3368 385 3427 clero
410 3387 498 3445 quem
518 3378 563 3428 est
584 3369 652 3427 utile
671 3368 773 3440 dotari,
788 3381 868 3446 patet
888 3370 1039 3447 peridem
1059 3371 1138 3448 quod
1159 3371 1237 3431 foret
1256 3372 1312 3432 sibi
1401 3412 1404 3419 ι

305 3474 374 3534 utile
403 3493 463 3534 non
491 3493 554 3534 esse
582 3475 727 3548 clericum,
753 3485 782 3534 et
809 3476 850 3535 sic
879 3476 1027 3536 hortantes
1055 3496 1106 3536 eos
1134 3478 1172 3537 ad
1200 3487 1312 3537 statum

305 3581 393 3641 huius
414 3581 494 3640 modi
515 3591 667 3658 peccarent
690 3582 812 3642 consilio
835 3583 881 3642 dei
904 3594 934 3643 et
955 3584 1068 3643 utilitati
1090 3585 1219 3660 proximi
1240 3605 1312 3645 cece

305 3687 449 3746 contrarii.
485 3686 646 3758 Quomodo
655 3687 758 3764 igitur⁴
773 3687 845 3748 foret
855 3690 960 3766 dignus
972 3708 1036 3748 esse
1045 3690 1081 3748 de
1092 3700 1170 3750 sorte
1181 3700 1211 3749 et
1221 3709 1312 3767 apos-
1324 3707 1356 3756 30

305 3794 396 3853 tolatu
411 3793 512 3870 capitis
529 3794 579 3870 qui
594 3812 655 3853 non
668 3803 743 3853 esset
758 3813 851 3872 capax
867 3797 964 3873 regule
979 3814 1068 3874 quam
1083 3797 1146 3874 ipse
1165 3797 1314 3859 instituit?

305 3900 393 3959 Ymo·
421 3918 473 3977 per
503 3900 581 3959 idem
612 3901 733 3977 quilibet
764 3903 837 3961 ordo
865 3903 984 3962 fratrum
1006 3905 1051 3962 vel
1078 3905 1313 3981 exproprietarie

306 4008 489 4071 'rviventium
510 4007 584 4067 foret
605 4009 712 4068 divisus
727 4010 758 4067 in
779 4028 819 4082 se,
836 4029 896 4071 uno
910 4012 1022 4069 vivente
1035 4012 1223 4088 proprietarie
1235 4015 1266 4077 †⁵
1280 4027 1313 4076 et

306 4115 478 4192 voluptuose
507 4115 538 4173 in
565 4115 769 4175 habundancia
796 4119 1007 4194 temporalium,
1035 4117 1092 4176 alio
1120 4137 1190 4178 vero
1218 4121 1315 4182 modo

341 4259 406 4309 ¹vel
423 4259 561 4324 perfectior,
578 4275 626 4310 om.
643 4270 667 4309 Β.
773 4259 933 4324 'jocundius
952 4273 974 4310 a.
1075 4261 1269 4329 ‘imperfectus
1282 4279 1313 4316 Α.

307 4337 316 4366 ⁴
333 4353 393 4402 ergo
404 4344 453 4403 pro
464 4338 549 4402 igitur,
561 4351 587 4388 Α.
655 4338 666 4368 ⁸
683 4341 775 4399 ††0m.
788 4351 814 4390 Α.
