2932 5046
512 404 562 454 DE
587 404 735 457 OFFICIO
759 405 877 456 REGIS.

194 563 501 622 minushonorandus
525 563 646 642 quoad
674 565 821 624 racionem
849 564 974 622 humane
1002 574 1114 635 nature,
1139 561 1193 623 sed

194 670 337 729 infinitum
360 671 454 748 magis
471 671 661 730 honorandus
679 681 708 730 et
726 673 822 731 bonus
839 671 1004 729 humanitus
1029 670 1192 730 secundum

194 779 341 837 racionem
358 778 454 854 gracie
469 779 513 837 vel
527 779 646 838 virtutis.
689 777 797 836 Tercio
816 777 944 854 sequitur
958 777 1038 854 quod
1053 793 1142 836 nemo
1157 776 1193 835 sit
1202 793 1391 846 Thirdryitsollow

1203 845 1250 885 that
1259 859 1287 886 no
1296 846 1361 887 oncis
1370 854 1393 888 to

194 883 383 942 honorandus
397 884 483 942 simul
497 902 533 942 ex
545 884 743 943 conneccione
754 883 869 959 proprie
884 882 1031 958 dignitatis
1042 882 1193 959 potestatis
1200 895 1385 988 mmm

170 990 240 1054 svel
260 989 346 1050 officii
366 989 461 1048 clerici
481 1008 549 1050 curn
572 990 710 1066 dignitate
735 998 879 1066 potestate
902 988 946 1046 vel
969 987 1067 1047 officio
1089 989 1404 1089 laicali‘ssffiglissffiffi

194 1096 276 1154 Patet
290 1115 326 1154 ex
340 1096 397 1155 hoc
411 1096 491 1172 quod
508 1115 596 1155 nemo
611 1106 654 1155 est
668 1095 857 1155 honorandus
872 1094 1031 1153 secundum
1044 1096 1191 1154 racionem
1201 1097 1390 1189 gerhlgntffespiig·

194 1221 262 1280 quo,
286 1212 318 1261 ut
343 1203 392 1273 sic,
418 1204 492 1278 sapit
514 1203 636 1261 vicium:
658 1202 710 1261 sed
734 1201 898 1260 huiusmodi
923 1200 997 1258 foret
1019 1218 1192 1277 quecunque
1202 1197 1280 1289 {gffgn
1274 1198 1386 1299 {stiffi

194 1308 258 1367 talis
271 1309 451 1368 conneccio:
473 1325 544 1385 ergo
559 1309 717 1368 conclusio.
739 1306 819 1366 Nam
832 1306 942 1365 virtutis
956 1316 1000 1365 est
1015 1315 1045 1365 et
1057 1306 1193 1383 implecio
1202 1297 1311 1400 {322⁰ss
1320 1299 1377 1340 ¹²¹⁸·

195 1415 325 1474 mandati
348 1415 499 1491 apostolici
522 1415 602 1491 quod
622 1415 755 1474 raciones
775 1432 831 1490 que
854 1431 917 1472 sese
941 1412 1105 1490 impediunt
1127 1431 1192 1490 per-

55 1522 115 1572 Cor·
126 1521 169 1572 vii·
195 1530 314 1579 manent
327 1521 520 1597 impermiste.
563 1520 636 1578 Ideo
658 1520 729 1578 dicit
742 1517 776 1578 Ι.1
792 1519 859 1578 Cor.
878 1519 931 1577 vii⁰
951 1519 1145 1595 Unusquisque
1162 1521 1193 1578 in

47 1603 82 1704 ῦὸ,
195 1629 335 1686 vocacione
358 1646 413 1702 qua
436 1634 548 1685 vocatur
572 1628 662 1684 estin
687 1645 719 1683 ca
740 1633 912 1701 permaneat.
952 1625 991 1684 Et
1020 1644 1107 1701 super
1135 1626 1193 1686 isto

194 1732 351 1792 fundantur
378 1733 457 1810 leges
485 1732 658 1809 multiplices
687 1733 723 1792 de
752 1731 864 1791 clericis
888 1732 933 1790 vel
960 1731 1113 1791 monachis
1141 1734 1193 1809 qui

194 1841 317 1898 vivendo
345 1839 511 1898 seculariter
539 1857 557 1897 a
585 1848 658 1898 statu
688 1857 742 1898 suo
769 1839 956 1914 degenerant.
999 1837 1094 1910 Quis²
1121 1855 1192 1916 ergo

194 1945 325 2006 laudaret
334 1946 485 2005 hominem
497 1946 658 2005 secundum
673 1946 821 2004 racionem
832 1964 891 2022 qua
905 1945 1028 2004 offendit
1039 1944 1193 2003 dominum

154 2068 184 2119 15
194 2053 314 2129 turpiter
331 2051 532 2111 deteriorando
550 2070 581 2110 se
599 2052 715 2128 ipsum?
739 2051 818 2109 Nam
841 2050 958 2110 laudare
982 2050 1025 2108 vel
1048 2049 1193 2109 honorare

193 2158 342 2217 hominem
357 2159 426 2236 quia
440 2158 512 2229 talis,
527 2157 601 2217 foret
620 2158 774 2217 blasfeme⁸
787 2157 906 2216 laudare
921 2167 1033 2234 patrem
1047 2157 1194 2216 mendacii

192 2273 333 2341 tanquam
347 2265 444 2323 deum.
486 2262 564 2323 Nam
579 2265 608 2322 in
624 2265 762 2324 omnibus
776 2265 880 2322 creatis
894 2263 1129 2323 honorificandus
1148 2274 1193 2323 est

180 2353 272 2442 ‘deus
291 2380 441 2448 tamquam
461 2381 562 2430 auctor
582 2389 693 2442 eorum,
708 2380 741 2429 ut
761 2380 841 2448 patet
862 2390 899 2430 ex
917 2372 1009 2430 dictis.
1051 2371 1124 2430 Ideo
1141 2372 1193 2448 qui

193 2476 317 2535 honorat
336 2476 495 2549 hominem,
511 2485 661 2553 tamquam
678 2477 774 2549 talem,
791 2476 918 2537 honorat
934 2477 1021 2536 deum
1041 2487 1191 2553 tamquam

155 2602 186 2638 ao
195 2593 343 2642 auctorem
368 2582 513 2642 mendacii
537 2583 582 2641 vel
606 2585 726 2660 peccati,
748 2594 778 2643 et
802 2602 869 2643 cunr
893 2584 966 2642 deus
990 2583 1106 2641 mentiri
1129 2600 1192 2640 non

193 2699 298 2767 potest,
308 2698 340 2747 ut
353 2687 422 2750 dicit
430 2687 608 2750 Anshelmus
621 2690 717 2766 primo
738 2689 801 2749 Cur
814 2692 878 2748 deus
891 2690 969 2747 homo
981 2691 1022 2764 (et
1031 2688 1193 2765 Apostolus

57 2803 123 2856 Tim
136 2806 163 2856 ii.
197 2805 230 2854 2⁸
253 2796 404 2856 Thimoth.
421 2797 456 2855 ii⁰
478 2797 547 2856 dicit
566 2795 647 2874 quod
665 2797 738 2856 deus
752 2817 780 2854 se
796 2799 887 2872 iprum
907 2816 1008 2872 negare
1027 2814 1083 2853 non
1095 2802 1192 2870 potest,

195 2912 224 2961 et
240 2901 320 2960 idem
340 2903 533 2961 sentenciatur
553 2903 584 2960 in
604 2913 637 2960 νο
657 2903 694 2961 de
714 2902 838 2961 trinitate
869 2901 997 2978 capitulo
1017 2897 1093 2981 xviv)
1114 2910 1195 2978 patet

194 3008 276 3084 quod
288 3009 320 3066 in
334 3009 415 3069 omni
428 3008 600 3068 laudacione
611 3009 782 3086 peccatoris,
792 3019 825 3067 ut
838 3008 1012 3080 huiusmodi,
1025 3018 1069 3067 est
1079 3007 1194 3066 occulta

155 3123 185 3175 ²5
195 3113 354 3173 blasfemia.
395 3115 435 3173 Et
456 3115 555 3174 nunc⁴
579 3115 699 3174 ecclesia
720 3114 874 3174 efficaciter
895 3123 1086 3190 cognosceret
1108 3114 1194 3172 istam

194 3219 315 3292 scolam,
331 3230 400 3279 tunc
416 3221 495 3281 enirn
509 3239 546 3280 ex
560 3221 733 3280 verecundia
743 3238 800 3298 qua
811 3221 1046 3279 abhominaretur
1057 3221 1194 3279 mentitor

194 3344 212 3384 a
226 3326 359 3386 fidelibus
374 3327 529 3386 dimitteret
543 3327 584 3386 sic
598 3327 724 3385 mentiri.
747 3327 822 3399 Que,
839 3344 920 3402 rog0‚
935 3327 1029 3387 maior
1043 3326 1195 3385 blasfemia
1204 3337 1246 3378 ror
1255 3335 1271 3378 it
1280 3344 1359 3378 asseris

195 3450 285 3509 quam
298 3441 465 3493 constanter
478 3452 607 3493 asserere
621 3435 703 3509 quod
716 3434 783 3492 licet
796 3433 908 3494 homini
922 3434 1015 3493 facere
1030 3434 1110 3512 quod
1124 3434 1195 3492 deus
1203 3387 1392 3489 {22‘232552250

195 3554 259 3596 non
272 3536 387 3614 potest?
409 3537 487 3609 Quia
500 3549 570 3597 tunc
584 3549 731 3616 oporteret
742 3540 902 3600 concedere
913 3541 993 3617 quod
1004 3541 1095 3600 homo
1106 3540 1195 3599 habet
1203 3490 1266 3632 {¹¹1ch
1273 3489 1317 3581 epm
1333 3503 1374 3582 ἔω

152 3659 186 3710 30
196 3641 350 3702 licenciam
371 3653 401 3703 et
423 3644 569 3704 maliciam
593 3644 686 3705 laudis
709 3655 737 3705 et
760 3646 879 3706 honoris
904 3666 922 3705 a
943 3657 1025 3724 patre
1049 3647 1195 3706 mendacii

196 3766 287 3825 quam
307 3766 369 3808 non
389 3760 486 3827 potest
510 3750 618 3810 habere
641 3770 659 3811 a
680 3752 736 3812 deo
758 3772 845 3826 vero;
875 3763 904 3812 et
931 3772 983 3829 per
1011 3771 1195 3831 consequens

197 3855 261 3933 ipse
275 3874 336 3915 non
349 3855 422 3915 foret
435 3856 538 3933 plenus
552 3857 631 3929 deus,
647 3858 698 3917 sed
714 3858 855 3936 indigeret
874 3860 1056 3936 perfeccione
1071 3861 1194 3920 iuvantis

197 3961 305 4022 diaboli
318 3963 411 4022 eciam
425 3964 455 4021 in
469 3964 550 4022 bono
564 3964 690 4022 factibili.
726 3964 815 4037 Quod
829 3967 892 4043 ipse
906 3985 967 4025 non
981 3977 1077 4043 potest
1091 3967 1192 4041 facere,

194 4069 264 4145 quia
277 4069 351 4128 foret
359 4069 502 4129 horrenda
511 4069 668 4142 blasfemia,
678 4090 745 4130 cum
759 4082 863 4131 cuncta
874 4075 1077 4149 peccatorum⁶
1087 4093 1198 4152 genera

202 4201 385 4264 ‚¹1.,0m.r.
455 4203 539 4268 'quia
550 4212 599 4270 pro
616 4206 754 4270 quis,n,13.
828 4206 1029 4271 ³blasiemie,n.
1102 4209 1179 4257 *nun

194 4293 222 4341 A,
233 4293 257 4331 Β.
291 4281 385 4331 utinam
396 4298 457 4332 corr.
471 4283 535 4332 Edd.
603 4283 612 4312 ⁵
628 4299 719 4347 genera
730 4292 894 4349 peccatorum,
907 4297 931 4336 s.
