2828 5048
588 449 636 498 DE
660 448 808 499 OFFICIO
833 448 952 498 REGIS.

273 616 400 683 poetam.
445 604 492 664 Sic
515 605 593 664 enim
612 617 657 665 est
670 605 848 664 Holosemes
873 605 971 682 gladio
995 605 1113 681 proprio
1137 604 1277 663 occiden·
1287 617 1336 668 Tit.
1347 619 1361 669 i.
1372 631 1400 666 n.

274 713 337 782 dus,
352 721 381 769 et
401 730 453 787 per
471 710 525 769 hec
544 721 639 788 potest
659 711 793 770 convinci
814 720 954 786 quantum
974 709 1095 786 epistule
1114 710 1278 769 decretales

276 815 404 876 *novelle
433 817 583 876 dissonant
614 818 651 875 ab
680 817 813 892 antiquis.
856 815 945 874 Unde
974 834 1077 875 omnes
1113 817 1355 876 decretalesesa

274 923 393 1000 epistule
417 942 474 999 que
497 933 601 981 sonant
626 923 693 981 cleri
718 922 896 982 civilitatem¹
918 922 1048 980 videntur
1069 941 1171 999 sapere
1193 922 1277 982 here·

274 1033 361 1089 ticam
382 1030 561 1106 pravitatem,
577 1040 609 1087 ut
628 1029 789 1104 specialiter
802 1029 914 1087 videtur
932 1028 969 1087 de
984 1028 1032 1086 illa
1045 1027 1169 1104 epistula
1190 1028 1301 1104 primis

274 1136 460 1196 decretalium
475 1135 520 1194 De
536 1134 712 1211 Majoritate,
728 1134 863 1210 capitulO,
874 1133 967 1204 Solite,
982 1144 1010 1192 et
1029 1134 1159 1193 secundo
1175 1134 1375 1210 decre-liceret.
1391 1197 1395 1209 Ι

275 1245 375 1302 talium
395 1242 440 1300 De
458 1242 640 1300 restitucione
660 1235 886 1320 spoli[at]orum‚
901 1239 1028 1316 capitulo
1044 1240 1180 1312 Litteras,
1197 1240 1277 1317 quod
1285 1200 1363 1313 Q
1371 1197 1412 1321 ffb,

274 1350 386 1408 videtur
407 1366 533 1406 asserere
554 1356 583 1405 et
603 1347 707 1405 docere
725 1346 806 1423 quod
828 1346 955 1422 prelatus
974 1346 1061 1404 debet
1083 1347 1113 1403 in
1136 1363 1208 1405 casu
1226 1365 1277 1404 ex·
1285 1329 1398 1442 {ffflufl

274 1455 460 1514 comunicare
482 1452 653 1511 hominem¹
676 1461 796 1528 propter
820 1453 1040 1511 observanciam
1065 1452 1139 1528 legis
1162 1451 1220 1523 dei,
1245 1460 1277 1509 ut
1286 1474 1306 1508 c.
1320 1471 1354 1519 ¹3·

275 1569 385 1618 tactum
407 1567 451 1618 est
476 1559 614 1634 superius.
658 1557 688 1615 Si
711 1558 789 1615 enim
814 1576 891 1633 papa
916 1558 1021 1616 diceret
1045 1558 1125 1634 quod
1151 1558 1316 1617 ecclesiaro

276 1684 337 1725 non
358 1665 443 1723 debet
465 1665 494 1721 in
514 1664 562 1723 tali
582 1681 652 1722 casu
672 1664 895 1722 excomunicare
911 1664 1068 1738 coniugem
1081 1664 1276 1723 renitentem³

275 1770 414 1828 diminute
429 1769 597 1844 procederet
611 1769 767 1826 obmittens
778 1768 833 1827 hoc
845 1777 905 1826 tam
917 1769 1110 1827 necessarium
1123 1779 1152 1828 et
1163 1769 1276 1829 docens

277 1893 365 1935 suum
376 1874 581 1935 convertibile*
595 1874 746 1950 quomodo
751 1874 864 1932 'coniux
876 1874 962 1932 debet
974 1874 1091 1933 sufferre
1101 1877 1277 1934 excomuni-

276 1982 427 2040 cacionem
450 1979 570 2039 ecclesie
591 1979 622 2037 in
646 1989 826 2055 perpetuum.
869 1979 1073 2039 Necessarium
1097 1981 1178 2038 enim
1203 1982 1277 2040 foret

275 2087 387 2145 frenare
403 2086 508 2144 furiam
526 2085 626 2161 prelati
647 2085 781 2143 docendo
798 2084 879 2160 quod
895 2103 957 2143 non
979 2086 1065 2145 debet
1083 2088 1115 2144 in
1134 2087 1185 2146 tali
1206 2107 1276 2148 casu
1287 2104 1314 2156 15

276 2193 505 2251 excomunicare.
549 2192 588 2248 Et
606 2190 753 2266 peridem
774 2192 902 2267 sequitur
915 2192 1033 2250 indubie
1048 2193 1128 2268 quod
1149 2193 1319 2269 prelatusK

277 2316 440 2374 numquam
468 2297 704 2355 excomunicaret
732 2297 865 2355 distincte
895 2298 950 2355 nisi
979 2298 1138 2374 specialem
1166 2299 1276 2359 revela·

276 2405 392 2463 cionem
417 2403 548 2461 habuerit
580 2402 659 2478 quod
692 2402 756 2460 talis
790 2401 917 2477 prelatus
941 2402 1025 2461 fuerit
1052 2403 1152 2479 quoad
1180 2405 1278 2482 aliqua

276 2511 373 2568 minus
388 2509 491 2580 malus,
503 2508 571 2584 quia
582 2509 696 2584 ignorat
711 2509 734 2566 si
749 2508 928 2567 mendaciter
948 2508 1032 2566 fuerit
1049 2509 1157 2568 iudicio
1176 2510 1276 2569 divino

277 2616 445 2686 contrarius,
461 2624 489 2672 et
503 2623 628 2672 cessaret
642 2614 736 2671 maior
750 2632 819 2688 pars
834 2614 1020 2672 execucionis
1035 2614 1134 2690 legum
1145 2615 1276 2674 ecclesie.
1286 2623 1315 2658 ²⁰

67 2722 259 2816 {ffiffigsthe
277 2721 349 2780 Ideo
370 2740 424 2796 pro
440 2720 578 2779 salvanda
591 2721 645 2778 ista
660 2718 792 2777 civilitate
808 2728 1001 2796 prorumpunt
1015 2719 1152 2779 doctores
1166 2721 1230 2779 eius
1245 2722 1276 2778 in

67 2823 268 2924 ffl‘gfaffmoe
276 2827 382 2885 multas
404 2826 579 2896 blasfemias,
594 2835 626 2882 ut
647 2824 686 2882 hii
707 2825 805 2882 dicunt
828 2824 911 2901 quod
929 2825 1067 2883 iudicium
1086 2825 1211 2884 ecclesie
1233 2835 1277 2885 est

67 2923 170 2975 ΨΜ·
276 2935 383 2992 iustum
397 2942 425 2991 et
443 2944 542 2991 tamen
561 2933 667 2991 iudicio
686 2931 805 2991 ecclesie
826 2933 1034 3008 triumphantis,
1048 2951 1149 3008 ymmo
1168 2934 1277 2992 iudicio

279 3039 383 3109 divino,
412 3039 609 3109 contrarium3
641 3037 680 3095 hii
708 3048 836 3097 errantes
864 3038 1037 3113 profundius
1065 3039 1167 3098 dicunt
1195 3040 1277 3116 quod

278 3145 385 3204 debent
402 3144 528 3203 iudicare
550 3154 652 3202 contra
668 3146 818 3203 veritatem
839 3163 929 3220 quam
950 3155 1075 3203 noscunt
1096 3155 1129 3204 ut
1147 3164 1274 3222 persone
1285 3157 1314 3208 ²5

277 3252 404 3329 private;
426 3259 454 3309 et
474 3251 514 3308 hii
536 3251 636 3308 dicunt
656 3251 742 3308 nimis
763 3250 887 3308 heretice
910 3250 991 3326 quod
1008 3251 1075 3309 talia
1093 3270 1183 3326 parva
1200 3252 1277 3310 mala

68 3367 123 3469 {hLeeyt
129 3366 261 3469 gydlffllf
277 3357 388 3433 peccati
402 3356 510 3415 debent
525 3357 638 3415 fierine
653 3357 764 3415 maiora
779 3356 856 3414 mala
871 3357 1022 3414 eveniant:
1045 3359 1117 3429 ‘ne,'
1130 3359 1278 3434 inquiunt,

68 3469 125 3520 sood
135 3447 185 3519 ma'y
194 3467 269 3510 come!
279 3463 462 3539 ‘impediatur
473 3480 574 3521 cursus
586 3461 685 3538 legum
695 3462 705 3493 ¹⁵
716 3462 897 3537 imperatoris
908 3481 943 3520 ac
954 3461 1077 3520 ecclesie
1090 3462 1157 3519 talia
1167 3464 1278 3538 privata

278 3570 383 3628 iniusta
403 3539 510 3626 iudicia
532 3576 599 3625 sunt
620 3566 752 3642 agenda!
794 3566 833 3624 Et
850 3567 890 3625 sic
906 3568 1006 3625 dicunt
1021 3584 1090 3625 cum
1110 3568 1278 3627 infidelibus
1286 3567 1406 3626 nonius

265 3677 418 3752 sacremus
432 3677 508 3732 mala
522 3682 555 3731 ut
566 3676 693 3732 coement
708 3675 786 3747 bona,
801 3676 888 3752 ethsic
902 3676 997 3750 magis
1012 3676 1105 3750 magis
1120 3675 1200 3733 mala
1215 3677 1276 3734 sine
1285 3696 1319 3746 30-

277 3783 334 3838 fine
345 3781 440 3839 sorent
454 3779 585 3838 facienda
599 3790 631 3837 ut
645 3781 737 3856 magis
752 3781 830 3839 bona
841 3783 983 3850 eveniant,
995 3790 1024 3838 et
1036 3781 1077 3838 sic
1090 3782 1276 3856 peccandum

279 3887 353 3945 foret
366 3895 486 3963 propter
496 3887 682 3945 occasionem
693 3895 841 3962 acceptam
855 3896 886 3943 ut
900 3887 1012 3944 bonum
1024 3886 1095 3945 deus
1109 3887 1178 3946 inde
1189 3887 1276 3946 faciat

278 3994 417 4068 graciose,
433 3992 514 4068 quod
530 3993 714 4067 impugnaret
730 4002 822 4049 totam
841 3992 929 4050 fidem
949 3991 1110 4051 catolicam.
1153 3993 1366 4098 Terciusm

278 4117 347 4158 vero
357 4117 437 4156 error
448 4098 566 4173 spissior
577 4106 658 4156 estet
669 4097 699 4155 in
710 4097 839 4173 epistulis
850 4116 925 4174 pape
935 4098 965 4154 in
974 4098 1017 4154 vi0
1026 4099 1094 4156 etin
1108 4098 1161 4156 vii⁰
1176 4097 1275 4158 decre·
1284 4113 1347 4163 Libb.
1357 4116 1385 4165 vt

1285 4189 1331 4227 vu.

311 4243 319 4270 ¹
336 4244 470 4303 civitatem,
482 4255 508 4291 Α.
603 4241 764 4302 'hominem
775 4258 821 4292 om.
834 4255 861 4292 Α.
956 4242 965 4271 ³
983 4243 1033 4292 Dei
1046 4249 1105 4307 post
1120 4245 1275 4305 renitentem,

278 4320 333 4368 add.
345 4332 371 4367 Α.
437 4319 655 4379 ‘convertibilem
668 4332 693 4370 Δ.
760 4321 810 4369 ¹et
822 4327 879 4383 post
893 4320 986 4384 legum,
998 4320 1053 4368 add
1066 4333 1093 4368 Α.
