2828 5048
565 393 615 442 DE
637 393 783 443 OFFICIO
807 393 924 444 REGIS.

251 550 364 608 assistet
387 551 440 609 sibi
463 550 641 628 perficiendo
664 570 746 611 suam
770 554 965 624 sentenciam;
995 553 1064 630 quia
1085 562 1154 611 tunc
1177 552 1253 611 foret

250 657 478 717 excomunicans
501 658 565 735 plus
587 677 676 735 quam
699 659 778 718 deus.
821 657 893 717 Ideo
912 658 981 718 dicit
1000 677 1086 735 papa,
1101 668 1133 717 ut
1154 675 1252 733 supra,

251 759 330 836 quod
344 761 434 821 homo
456 781 524 840 sepe
546 766 749 824 excomunicat
763 775 791 824 et
806 766 879 826 deus
893 784 954 824 non
969 765 1184 834 excomunicat,
1200 763 1253 822 sed

252 866 389 940 absolvit;
412 879 439 926 et
457 886 527 946 sepe
550 871 671 948 contigit
694 872 878 942 contrarium,
895 870 976 948 quod
997 870 1101 928 melius
1124 887 1254 946 cognos-

251 972 324 1030 citur
351 992 387 1031 ex
413 975 597 1037 consciencia
623 977 851 1037 excomunicati:
886 977 954 1054 quia
978 977 1143 1035 secundum
1171 974 1276 1051 quod5

251 1089 352 1155 peccat
371 1079 417 1138 vel
439 1099 500 1139 non
522 1092 622 1158 peccat
643 1082 673 1140 in
694 1082 781 1141 deum
805 1082 875 1141 deus
895 1101 961 1141 eum
982 1082 1187 1142 excomunicat
1206 1079 1253 1138 vel

251 1185 384 1244 absolvit.
426 1186 522 1258 Unde,
538 1205 575 1246 ne
597 1189 835 1248 excomunicator
857 1199 965 1247 temere
987 1189 1101 1259 iudicet,
1121 1186 1254 1246 condidit

251 1290 322 1349 deus
347 1291 454 1368 duplex
480 1302 685 1352 testamentum
714 1313 765 1354 sue
791 1295 890 1353 ultime
914 1295 1077 1365 voluntatis,
1103 1293 1145 1352 sic
1171 1292 1254 1370 quod

253 1397 418 1474 quicunque
440 1401 642 1458 excomunicat
657 1418 717 1459 non
732 1401 946 1460 adversatorem
963 1399 1014 1459 sed
1035 1401 1253 1459 observatorem

253 1503 399 1578 scripture,
414 1513 547 1564 notatum
562 1524 622 1565 non
637 1507 840 1566 excomunicat
855 1506 907 1565 sed
922 1525 952 1565 se
967 1507 1073 1583 ipsum.
1114 1505 1153 1563 Et
1173 1512 1254 1580 patet
1263 1518 1293 1565 Β.

252 1609 332 1685 quod
346 1611 583 1670 excomunicator
597 1613 682 1671 debet
696 1613 793 1689 primo
814 1613 844 1670 in
865 1612 986 1670 materia
1007 1629 1059 1670 sue
1081 1610 1254 1669 excomuni-

251 1716 379 1774 cacionis
400 1735 578 1794 cognoscere
595 1719 774 1777 voluntatem
796 1718 933 1790 divinam,
954 1719 1022 1794 quia
1043 1717 1126 1775 aliter
1147 1717 1254 1775 menti·

252 1832 337 1881 retur.
380 1821 452 1881 Ideo
467 1834 581 1900 oportet
596 1824 677 1902 quod
694 1824 800 1884 habeat
824 1824 1033 1883 revelacionem
1048 1833 1077 1882 et
1090 1823 1253 1894 caritatem,

251 1938 283 1987 ut
309 1928 377 2000 dixi,
402 1930 426 1987 si
449 1929 527 1988 illam
549 1931 726 1992 medicinam
751 1931 804 1990 rite
826 1932 913 1991 debet
935 1949 1092 2008 apponere,
1111 1940 1143 1989 ut
1162 1929 1255 1988 laicus

251 2034 424 2110 generaliter
452 2037 682 2096 excomunicans
710 2037 799 2096 habet
833 2038 1048 2096 revelacionem
1083 2035 1253 2114 generalem
1264 2056 1290 2107 15

251 2140 331 2217 quod
355 2141 451 2200 solum
474 2141 510 2199 de
533 2152 644 2218 quanto
667 2142 733 2220 quis
755 2152 798 2202 est
821 2142 877 2202 deo
896 2142 1068 2202 inobediens
1082 2152 1125 2201 est
1140 2141 1253 2202 realiter

251 2247 499 2307 excomunicatus.
541 2248 580 2306 Et
604 2257 684 2325 patet
705 2248 786 2325 quod
814 2249 897 2307 multi
925 2267 994 2309 cece
1021 2258 1176 2308 moventur
1200 2267 1253 2325 ap·

251 2370 362 2429 ponere
387 2352 401 2384 *
426 2354 601 2412 medicinam
624 2355 910 2416 excomunicacionis
932 2374 969 2413 ex
992 2365 1097 2432 questu
1119 2355 1165 2413 vel
1184 2354 1326 2417 odi04sa.

251 2459 381 2530 fratrum,
392 2478 453 2518 non
468 2460 651 2519 attendentes
662 2461 791 2520 divinum
802 2462 948 2522 iudicium.
983 2461 1070 2520 Unde
1082 2461 1254 2520 excomuni-

252 2577 353 2625 cantes
369 2564 383 2597 *
400 2567 441 2625 sic
455 2567 560 2626 invitos
579 2568 736 2626 ostendunt
750 2587 787 2626 ex
801 2568 893 2626 modo
908 2583 991 2626 suam
1007 2567 1170 2626 stulticiam.
1215 2565 1254 2637 Si,
1262 2555 1375 2611 F0l·1⁰⁸l·

251 2673 380 2749 inquam,
394 2673 526 2732 medicus
549 2674 709 2749 corporalis
733 2692 794 2733 non
818 2683 978 2751 apponeret
1001 2673 1181 2732 medicinam
1198 2674 1255 2731 nisi
1283 2739 1285 2743 ¹

251 2790 323 2838 noto
344 2780 450 2838 morbo
473 2788 501 2838 et
522 2780 624 2839 virtute
648 2781 793 2839 medicine
812 2799 878 2838 cum
903 2779 1089 2856 reputacione
1110 2779 1255 2855 probabili

254 2885 333 2962 quod
348 2895 471 2956 sanaret,
488 2895 601 2963 quanto
622 2887 717 2961 magis
738 2886 893 2962 spiritualis
915 2886 1048 2943 medicus
1062 2885 1092 2942 in
1107 2903 1178 2943 casu
1195 2903 1256 2960 quo

44 3008 233 3150 {lgss‘gssg‘hlnffi
254 2992 355 3049 iminet
376 2991 520 3049 infinitum
541 2992 635 3067 magis
656 2991 837 3067 periculum?
879 2991 919 3049 Et
937 2991 987 3061 sic,
1003 3000 1034 3047 ut
1056 2990 1128 3048 dixit
1144 2990 1256 3048 subtilis

44 3110 126 3172 receive
147 3109 199 3150 with
254 3098 344 3156 laicus
373 3107 552 3156 memoratus
590 3099 731 3173 superius,
761 3098 858 3156 omnis
892 3097 1134 3155 excomunicatus
1163 3095 1290 3154 >deberat

42 3160 218 3262 llllellr'fl’llld-
255 3204 416 3281 gaudenter
439 3203 559 3261 sufferre
584 3204 895 3262 excomunicacionem
918 3203 1034 3279 illatam,
1055 3201 1125 3276 quia
1145 3202 1169 3259 si
1193 3220 1256 3278 pre-

254 3311 367 3388 positus
382 3309 455 3368 iuste
470 3311 676 3369 excomunicat
697 3309 937 3368 excomunicacio
953 3309 1067 3386 passiva
1082 3317 1125 3365 est
1140 3308 1217 3366 iusta
1231 3317 1259 3365 et

254 3416 445 3487 medicinalis,
457 3416 493 3475 de
509 3435 568 3493 qua
581 3416 727 3477 medicina
738 3417 858 3492 paciens
870 3415 955 3474 debet
966 3413 1102 3491 gaudere.
1138 3413 1259 3474 Frustra

254 3523 333 3582 enim
362 3532 558 3599 apponeretru
585 3523 642 3581 nisi
670 3523 847 3598 reciperetur
871 3531 900 3580 et
925 3519 1098 3579 sufferretur.
1140 3519 1180 3581 Et
1205 3519 1258 3578 hec

255 3630 333 3689 racio
348 3647 436 3705 quare
453 3628 604 3705 dampnati
625 3637 749 3704 peccant
772 3626 972 3686 inevitabiliter
992 3625 1061 3702 quia
1081 3642 1144 3684 non
1165 3625 1295 3701 gaud-³0

256 3747 338 3796 enter
359 3735 514 3794 sufferrunt
535 3734 844 3794 excomunicacionem
865 3743 926 3791 tam
947 3733 1020 3790 iuste
1042 3731 1163 3803 illatam,
1179 3731 1260 3809 quod

256 3855 355 3903 tamen
377 3843 525 3901 deberent.
570 3840 600 3898 Si
624 3841 689 3917 quis
714 3840 917 3899 excomunicat
939 3839 1129 3896 innocentem
1153 3837 1259 3896 iniuste

255 3951 342 4009 debet
369 3949 495 4025 gaudere
524 3947 604 4025 quod
638 3946 744 4023 dignus
772 3956 817 4005 est
851 3963 904 4023 pro
934 3943 1030 4003 Cristo
1066 3943 1260 4019 equanimiter

255 4057 374 4114 iniurias
403 4065 497 4114 tantas
524 4054 592 4131 pati.
641 4052 687 4111 De
711 4062 844 4128 tempore
871 4069 941 4109 vero
969 4049 1261 4108 excomunicacionis

256 4162 332 4222 lacte
358 4181 375 4220 a
398 4161 454 4220 deo
477 4161 563 4219 debet
588 4178 619 4218 se
643 4159 811 4217 submittere
837 4157 983 4215 humiliter
1005 4155 1103 4214 divino
1131 4154 1260 4226 arbitrio,
1269 4169 1296 4219 st

49 4260 220 4354 ffiffim,
259 4268 460 4328 satisfaciendo
475 4266 531 4325 deo
546 4274 656 4342 quanto
671 4263 782 4323 sufficit.
824 4263 863 4321 Et
877 4271 1021 4340 quantum
1036 4260 1074 4319 ad
1089 4261 1260 4320 excomuni·
1269 4265 1295 4313 ὓ·
