2828 5048
661 424 711 472 DE
733 422 882 474 OFFICIO
906 421 1025 471 REGIS.

349 584 479 641 dicionem
490 588 655 658 acceperuut,
666 583 740 639 sicut
748 588 778 640 tu
789 582 885 639 melius
893 583 973 653 nosti,
983 587 1017 638 ut
1024 582 1134 638 omnz'no
1143 580 1298 637 denttocus
1305 577 1355 635 ubi

340 689 408 765 filii
424 688 557 746 nobilium
574 695 626 746 aut
636 691 808 747 emeritorum
830 690 948 746 mz'lz'turn
965 689 1160 764 possessionem
1178 689 1353 762 acciperent:

350 796 458 871 ideoque
468 802 596 854 vacantes
606 816 639 853 oc
647 798 706 854 stne
713 797 848 871 coningio,
859 802 957 854 exacto
966 802 1083 872 ternpore
1083 794 1249 871 pubertatis,
1258 794 1304 851 nel
1312 795 1353 850 in·

348 904 463 961 tendunt
469 903 479 936 ¹
488 903 606 962 luxurie
615 909 642 960 et
649 903 839 978 otiifoeinori
846 903 930 978 rnsru
940 921 1057 978 regnum
1068 904 1251 978 outpatrium
1262 919 1352 970 suone,

139 1021 197 1062 How
203 1021 267 1062 much
273 1034 340 1063 worse
342 1019 399 1085 pro
410 1028 466 1085 quo
481 1010 602 1067 metatore
616 1009 771 1080 debuerunt,
783 1015 955 1067 transeundis
963 1008 1129 1085 perturbent
1136 1009 1285 1067 ecclesium.
1322 1006 1373 1068 0⁵

139 1072 300 1172 ffliiiiiiiii
348 1117 373 1175 si
392 1116 445 1174 iste
461 1125 576 1174 sanctus
590 1115 670 1192 pugil
684 1115 804 1197 ecclesie
818 1116 925 1174 viveret
942 1113 1017 1174 iam'
1030 1115 1077 1174 hic
1096 1116 1127 1172 in
1145 1116 1229 1174 terris
1241 1114 1353 1172 videret

138 1175 340 1326 ffifflgffi·
349 1230 459 1298 quanta
472 1222 619 1298 possessio
633 1223 715 1298 regni
729 1223 837 1281 nostris
851 1223 886 1281 sit
899 1221 1096 1280 fraudulenter
1106 1221 1209 1280 furtive
1224 1231 1253 1280 et
1269 1239 1353 1278 men·

349 1328 458 1387 daciter
482 1328 520 1386 ad
544 1346 667 1386 manum
695 1338 842 1387 mortuam
870 1330 1002 1405 spoliata,
1023 1328 1191 1404 videretque
1221 1326 1353 1386 secundo

347 1435 499 1511 quomodo
512 1435 597 1510 pauci
612 1435 705 1510 ignari
719 1435 868 1512 religionis
888 1435 1066 1494 monastice³
1080 1435 1168 1493 nimis
1182 1433 1353 1494 seculariter

347 1550 494 1617 occupant
502 1541 556 1599 ista
565 1543 651 1615 bona,
660 1552 689 1601 et
697 1542 806 1602 videret
815 1542 1007 1619 3⁰quomodo
1016 1542 1170 1601 occasione
1178 1541 1255 1599 illius
1263 1541 1352 1599 tercie
1362 1566 1391 1602 10

348 1648 483 1708 discrasie
497 1658 558 1708 tota
578 1648 678 1724 religio
697 1651 793 1724 gentis
813 1658 911 1708 nostre
934 1647 1105 1719 dissolvitur,
1121 1647 1285 1705 clamitaret
1300 1665 1353 1723 pre
1361 1664 1392 1711 a.

348 1757 583 1815 monstruositate
604 1755 740 1815 facinoris
761 1755 824 1813 ‘Ve
839 1756 919 1832 genti
934 1755 1019 1814 huius
1037 1751 1209 1831 peccatrici.5
1252 1754 1352 1813 Hodie

140 1872 325 1924 Now-adaysthe
348 1879 475 1939 namque
490 1862 593 1921 dicitur
607 1861 688 1940 quod
703 1863 876 1920 monasteria
898 1861 934 1919 de
955 1861 1010 1920 illis
1030 1861 1132 1938 paucis
1153 1861 1259 1936 ineptis
1279 1877 1353 1936 quos

139 1923 215 1965 monks
224 1931 290 1964 waste
303 1924 339 1964 the

138 1974 300 2075 {3533an
349 1969 386 2027 ad
406 1969 576 2045 religionem
597 1987 680 2028 suam
701 1968 848 2044 accipiunt
872 1968 1027 2026 vendicant
1055 1968 1223 2044 symoniace
1254 1967 1354 2026 dotem

138 2073 339 2168 {2333th
349 2075 553 2151 temporalium
577 2077 615 2134 ab
645 2084 775 2151 accepto,
801 2075 987 2150 venduntque
1012 2075 1146 2134 corrodia
1169 2083 1199 2132 et
1222 2075 1390 2142 maneriar5

350 2183 517 2259 patrimonii
546 2182 630 2241 Cristi
655 2192 684 2240 et
713 2182 873 2241 elemosine
901 2181 968 2240 date
995 2182 1173 2258 pauperibus
1201 2190 1353 2257 tamquam

349 2289 527 2348 comercium
549 2289 686 2362 seculare,
703 2299 731 2348 et
752 2307 820 2347 cum
840 2289 940 2365 precio
961 2307 1039 2347 nunc
1054 2287 1226 2363 voluptuose
1247 2289 1354 2361 vivunt,

349 2415 428 2456 nunc
442 2395 571 2454 redditus
585 2396 748 2472 impetrant,
765 2414 844 2455 nunc
858 2404 1033 2454 mercantur.
1074 2395 1113 2452 Et
1132 2413 1169 2453 ex
1185 2394 1243 2454 alio
1265 2395 1354 2455 latere

347 2503 485 2564 ordinarii
503 2502 695 2579 multiplicant
719 2521 799 2562 nunc
814 2504 903 2562 verba
923 2512 953 2561 et
967 2502 1046 2579 leges
1066 2501 1224 2560 blasfemas
1245 2502 1283 2565 de
1303 2521 1354 2561 sua

348 2610 493 2687 potencia,
521 2628 600 2669 nunc
632 2610 785 2668 inbursant
812 2609 1030 2669 consenciendo
1057 2608 1180 2668 facinori
1209 2619 1353 2669 extortam
1363 2629 1391 2664 ao

349 2719 530 2796 peccuniam,
560 2728 589 2777 et
616 2735 694 2777 nunc
728 2717 938 2776 tradicionibus
965 2718 1025 2776 suis
1059 2725 1185 2776 onerant
1219 2717 1353 2776 laicalem

348 2826 501 2884 ecclesiam
526 2825 613 2882 nimis
641 2825 721 2901 gravi
748 2843 846 2883 annua
867 2825 1009 2902 pensione
1019 2825 1039 2882 ⁴.
1080 2823 1119 2882 Et
1143 2842 1181 2882 ex
1207 2833 1243 2899 30
1264 2825 1353 2884 latere

349 2931 492 3007 predones
514 2931 604 2990 seculi
625 2950 704 2990 nunc
721 2932 896 2991 tumultuose
915 2929 1074 2990 defendunt
1088 2931 1142 2990 hec
1157 2931 1253 3007 spolia
1269 2930 1284 2963 *
1300 2949 1353 3008 pro
1362 2952 1392 2999 35

349 3037 500 3114 temporali
522 3037 568 3097 vel
590 3056 688 3096 annua
708 3039 849 3113 pensione
859 3039 880 3110 ⁴,
899 3057 978 3097 nunc
998 3038 1146 3097 maiores⁶
1170 3047 1200 3096 et
1223 3039 1354 3097 minores

349 3144 479 3221 spoliatis
506 3145 681 3221 pauperibus
709 3145 833 3204 simonie
862 3145 1064 3222 participando
1093 3145 1298 3218 consenciunt,
1323 3153 1391 3209 et²5

349 3269 428 3311 nunc
462 3270 586 3327 regnum
620 3261 755 3310 nostrum
790 3253 1003 3330 depauperatur
1036 3253 1152 3325 milicia,
1180 3262 1209 3312 et
1244 3254 1355 3313 nedum

349 3377 472 3435 regnum
486 3359 538 3418 sed
551 3378 626 3436 pene
640 3369 718 3418 totus
732 3360 967 3420 Cristianismus⁶
978 3361 1065 3420 sentit
1078 3361 1184 3419 exinde
1199 3362 1356 3438 perplexas

142 3479 276 3573 Rtlpppydtd
283 3480 342 3572 pede
349 3466 475 3526 iniurias.
515 3466 588 3526 Ideo
602 3484 671 3526 vero
693 3467 762 3526 dicit
781 3467 835 3526 iste
852 3478 971 3527 sanctus
985 3467 1066 3544 quod
1080 3477 1162 3526 erant
1176 3468 1356 3528 donaciones

140 3544 342 3625 {aenesisseetiinw
351 3592 456 3650 regum
468 3573 640 3634 stultissime.
676 3573 774 3645 Stulte,
787 3575 855 3651 quia
866 3574 988 3634 credunt
997 3573 1143 3643 dominia?
1152 3574 1194 3632 eis
1204 3573 1356 3650 placencia

350 3691 379 3740 et
400 3681 480 3740 licita
504 3681 611 3740 debere
636 3681 731 3741 eciam
755 3681 888 3758 religioni
912 3681 1085 3740 monachice
1110 3681 1295 3757 proficiendo
1318 3681 1355 3741 ad
1363 3705 1392 3754 30

351 3788 498 3864 utriusque
520 3788 656 3846 meritum
681 3787 872 3864 complacere.
917 3787 1082 3860 StulcioreS,
1106 3789 1176 3865 quia
1204 3789 1355 3848 credentes

351 3894 431 3970 quod
456 3895 486 3952 in
507 3894 569 3952 istis
594 3904 650 3953 stat
675 3895 757 3971 regni
786 3894 962 3971 prosperitas
990 3894 1177 3954 accumulant
1204 3906 1301 3955 sectas
1327 3906 1356 3954 et

351 4001 529 4077 irreligiones
557 4001 695 4076 insolitas,
723 4004 802 4061 unde
831 4003 952 4060 surrexit
986 4002 1094 4080 duplex
1121 4002 1245 4079 penuria
1273 4003 1356 4081 regni

385 4156 394 4185 ¹
411 4157 553 4218 incendunt,
566 4169 592 4205 Α.
675 4157 752 4207 'iam
768 4158 868 4219 viveret,
885 4158 939 4208 ord.
956 4157 1010 4207 inv.
1029 4169 1053 4206 Β.
1137 4157 1147 4185 ³
1163 4158 1319 4219 monachice,
1329 4169 1354 4208 B.

353 4233 363 4261 ⁴
382 4250 463 4284 annua
472 4236 591 4299 pensione
602 4251 663 4285 corr.
676 4236 742 4287 Edd.
749 4243 799 4300 pro
811 4236 1019 4301 animapeusione,
1031 4249 1058 4297 Α,
1071 4247 1094 4283 Β.
1178 4236 1188 4264 ⁵
1205 4237 1317 4300 maion's,
1328 4249 1353 4286 Α.

353 4311 362 4337 ⁶
380 4314 584 4370 cristianissimus
598 4326 623 4363 Α.
706 4312 716 4339 ⁷
734 4315 816 4364 divina
828 4323 877 4378 pro
888 4315 1006 4376 dominia,
1020 4327 1043 4362 Β.
