2828 5048
607 424 656 475 DE
679 426 825 479 OFFICIO
848 427 967 480 REGIS.

289 581 373 640 tinxit
394 582 542 641 caritatem
564 583 593 640 in
616 585 656 642 eis
678 597 708 644 ut
730 587 771 645 eis
793 588 882 646 active
908 587 1071 647 contrarius
1096 586 1149 645 sed
1172 586 1294 646 adauxit

289 690 426 749 continue
445 691 593 767 usquead
613 705 745 752 mortem.
788 693 860 754 Ideo
880 692 1049 771 postpositis
1069 694 1207 752 omnibus
1229 694 1295 753 aliis
1383 733 1386 737 ‹

289 805 390 872 gentes
411 797 592 874 singulariter
612 810 753 875 ponerent
774 818 857 877 spem
878 801 908 858 in
929 798 1000 878 illo.)
1042 799 1130 859 Unde
1145 801 1169 858 si
1185 799 1294 858 fuerint

289 902 367 960 mille
387 903 532 980 pedagogi
552 905 682 964 dicentes
699 905 775 965 facto
790 906 898 983 scripto
912 906 957 965 vel
972 925 1023 965 ore
1036 905 1117 982 quod
1131 915 1176 964 est
1197 905 1293 964 taliter

288 1008 454 1069 faciendum
477 1028 538 1070 non
560 1011 734 1071 moveamini
758 1030 813 1071 nec
835 1012 945 1071 abeatis
973 1012 1030 1071 fide
1057 1010 1220 1072 affeccione
1245 1012 1317 1074 vel5

78 1117 228 1160 Christisour
287 1134 375 1192 opere
391 1113 405 1146 *
422 1117 476 1176 nisi
491 1117 528 1175 de
549 1128 660 1192 quanto
680 1117 830 1178 docuerint
845 1118 950 1177 imitari
969 1117 1098 1177 Cristum
1115 1119 1291 1194 magistrum
1301 1122 1339 1169 56
1352 1122 1377 1169 d·

79 1178 158 1210 master
166 1170 209 1210 und

77 1219 148 1278 ebb⁰¹2
158 1221 229 1261 ΨΜ
246 1301 251 1312 ¹
286 1223 431 1299 optimum
445 1232 473 1282 et
488 1223 624 1282 abbatem
638 1224 730 1284 tocius
744 1224 853 1283 ordinis
875 1224 1010 1284 cristiani.
1051 1223 1090 1282 Et
1105 1225 1146 1284 sic
1160 1224 1292 1301 intelligo
1302 1229 1335 1274 Ψ·

78 1270 163 1310 teachrn
180 1301 185 1317 ,
195 1283 220 1311 as
229 1270 243 1312 S

79 1284 239 1372 Cllffilgffilb
247 1335 279 1362 ⁹¹⁸
288 1327 437 1388 decretum
455 1329 532 1388 beati
550 1329 687 1407 Cypriani
706 1331 835 1407 positum
860 1330 898 1389 di.
921 1331 976 1389 viii.
1030 1328 1169 1403 Siculus,
1188 1331 1291 1408 inquit,
1302 1333 1396 1387 Decret

77 1371 205 1413 mastalone

77 1421 155 1464 ¹⁰¹¹0w·
290 1433 404 1494 Crz'slus
419 1436 573 1494 aude‘endus
591 1443 637 1508 est,
652 1455 707 1494 uon
722 1436 846 1494 debemus
859 1437 996 1494 attendere
1019 1438 1090 1513 quid
1108 1438 1215 1513 aliquis
1228 1445 1293 1496 aute
1301 1397 1402 1526 ἔξω

286 1560 336 1600 uos
349 1542 519 1618 faciendum
541 1544 694 1618 putaverit,
718 1544 768 1601 sed
788 1543 865 1619 quid,
888 1543 940 1618 qui
961 1549 1024 1600 aute
1045 1561 1095 1600 uos
1121 1562 1214 1601 omnes
1241 1551 1288 1616 est,
1302 1567 1333 1604 ιο

289 1646 410 1717 Crtitua
421 1649 505 1724 prt'er
513 1649 629 1724 fecerit.
671 1647 769 1724 Neque
786 1650 858 1706 entur
877 1649 998 1706 domimi
1011 1649 1232 1707 consuetudinem
1248 1667 1290 1707 se·

286 1756 339 1831 qui
361 1732 471 1829 oporte),
498 1756 548 1813 sed
573 1754 632 1812 Dei
655 1756 806 1825 vertitatem,
834 1773 897 1812 cum
920 1764 974 1831 per
994 1753 1128 1813 I'eset'um
1156 1756 1411 1832 loquetursstlattxr

285 1862 413 1919 donamus
426 1861 534 1919 dzieus¹
547 1880 554 1920 :
578 1866 594 1893 “
605 1859 674 1920 Sine
686 1880 774 1919 causa
788 1861 883 1919 colunt
894 1879 944 1932 me,
958 1862 1093 1918 mandute
1106 1866 1134 1919 el
1145 1862 1291 1920 doclrz'uus
1299 1830 1407 1946 {dm

284 1967 427 2025 homiuum
441 1963 586 2026 decentes.’'
636 1966 676 2025 Et
692 1967 747 2027 ista
766 1966 913 2026 sentencia
931 1976 1062 2026 moveret
1084 1965 1185 2025 fideles
1208 1976 1290 2044 post-

285 2073 387 2149 positis
401 2072 536 2132 humanis
556 2073 670 2151 legibus
692 2084 721 2132 et
742 2073 874 2133 censuris
890 2071 1042 2132 intendere
1063 2071 1120 2148 legi
1139 2071 1197 2131 Dei
1218 2088 1328 2142 cum15

285 2196 374 2238 nemo
393 2179 480 2238 debet
498 2179 701 2239 obedienciam
723 2181 778 2239 nisl
797 2179 845 2238 illi.
887 2177 976 2238 Unde
993 2187 1116 2256 peccant
1137 2176 1189 2256 qui
1208 2188 1292 2255 post·

284 2294 399 2362 ponunt
413 2284 509 2361 legem
523 2296 551 2344 et
565 2285 641 2345 facta
652 2285 749 2358 Cristi,
761 2287 919 2364 probantes
931 2302 1052 2344 assensu
1063 2284 1151 2343 nimis
1171 2284 1292 2345 sinistro

285 2391 366 2467 quod
389 2391 530 2450 debemus
553 2392 734 2470 privilegiare
761 2391 887 2452 fovendo
916 2391 1098 2451 facinorosos
1121 2390 1154 2448 in
1181 2392 1291 2452 nostris

284 2496 413 2557 ecclesiis
429 2498 498 2574 quia
514 2497 644 2557 infideles
663 2498 809 2575 principes
829 2497 900 2557 false
921 2507 950 2557 et
972 2497 1130 2575 irreligiose
1154 2497 1196 2558 sic
1213 2497 1291 2558 fece·

74 2605 245 2667 Toarsuefrsm
284 2614 351 2663 runt
361 2621 428 2663 cum
439 2603 534 2681 ydolis
542 2604 642 2681 templi
652 2605 705 2665 sui.
745 2604 804 2663 Alii
814 2614 910 2663 autem
920 2612 1045 2679 arguunt
1056 2603 1136 2682 quod
1147 2603 1291 2665 debemus
1301 2619 1331 2656 ²0

75 2658 112 2698 the
121 2672 146 2698 su

75 2672 235 2749 battlebcsessm
285 2710 415 2770 conferre
429 2710 550 2770 ecclesie
564 2710 762 2770 substanciam
776 2721 837 2769 tam
851 2708 990 2768 mobilem
1005 2727 1094 2786 quam
1108 2709 1291 2781 inmobilem,

73 2759 322 2900 {{{{s{⁵i{fflg,¹,²,³”⁸eo
335 2816 416 2894 quod
430 2816 576 2893 principes
590 2816 792 2893 prevaluerunt
806 2816 836 2873 in
850 2814 932 2874 bellis
947 2815 1066 2892 quando
1081 2815 1231 2891 copiosius
1249 2817 1291 2876 sic

73 2907 242 3010 pig-paramus
285 2923 422 2982 fecerunt.
465 2923 512 2982 Sic
533 2923 612 2982 enim
631 2932 757 3000 arguunt
772 2921 921 2981 Sarraceni
936 2921 1017 2998 quod
1031 2920 1205 2980 Machomet
1221 2939 1291 3000 pro·

285 3028 374 3106 pheta
384 3047 486 3088 eorum
504 3029 572 3088 Iesu
592 3029 693 3089 nostro
712 3037 757 3088 est
779 3027 961 3105 p'restaucior
979 3045 1048 3087 cum
1063 3027 1101 3085 ad
1115 3026 1289 3087 oracionum

285 3152 404 3194 suarum
428 3134 601 3194 instanciam
621 3153 695 3212 gens
714 3152 768 3194 sua
789 3143 904 3211 superat
926 3133 1087 3193 cristianos.
1127 3132 1328 3208 Evidencia25

283 3242 382 3316 itaque
397 3240 471 3300 foret
485 3241 567 3318 quod
580 3242 620 3300 ob
635 3241 821 3300 dotacionem
833 3238 921 3298 talem
936 3257 1038 3299 sumus
1051 3239 1175 3299 cariores
1186 3240 1254 3301 Deo
1266 3242 1290 3300 si

284 3347 389 3406 exinde
410 3365 581 3424 superamus
605 3346 704 3408 hostes
727 3347 832 3418 anime,
851 3346 875 3405 si
899 3346 1006 3405 exinde
1027 3345 1234 3406 habundarnus
1259 3348 1290 3406 in

284 3472 358 3531 pace
380 3464 409 3513 et
429 3462 599 3532 paupertate
619 3452 750 3526 ecclesie,
772 3463 801 3512 et
820 3452 943 3512 omnino
967 3452 991 3512 si
1010 3452 1116 3511 exinde
1137 3470 1290 3513 servamus

284 3559 404 3620 consilia
427 3560 524 3636 regule
551 3559 704 3619 Cristiane.
746 3553 838 3618 Aliter
862 3560 941 3619 enim
964 3569 1009 3618 est
1033 3558 1112 3618 scola
1125 3559 1197 3635 filiu
1221 3579 1289 3619 san-

281 3667 403 3741 gue'suge
417 3683 474 3742 que
494 3665 656 3723 inordinate
675 3674 836 3740 congregat
856 3672 885 3722 et
901 3663 1014 3722 mandit
1032 3662 1171 3740 pabulum
1189 3665 1289 3741 gregis
1298 3687 1329 3736 30
1364 3731 1376 3744 η

74 3779 120 3821 0ur
128 3778 184 3830 hone
193 3777 211 3819 is
220 3777 242 3820 in
286 3771 431 3830 dominici.
474 3771 579 3830 Tercio
600 3788 669 3829 vero
691 3780 809 3830 notatur
830 3771 860 3829 in
880 3769 1039 3847 prophecia
1059 3767 1128 3829 Yes.
1151 3787 1189 3842 42
1214 3734 1410 3853 quo-,IJQ'

73 3830 181 3932 preigne
190 3829 215 3871 of
284 3877 375 3936 modo
389 3896 444 3937 nos
463 3886 566 3954 gentes
580 3879 610 3934 in
624 3876 744 3937 nomine
764 3877 831 3936 Iesu
845 3876 1006 3953 specialiter
1020 3893 1204 3954 speraremus
1219 3877 1287 3955 quia
1299 3853 1408 3931 (Matini

283 3993 403 4060 propter
416 3993 518 4060 gentes
533 3982 686 4044 salvandas
700 3982 752 4042 luit
767 3983 928 4060 specialiter
945 3983 1109 4043 incarnatus
1123 3991 1156 4041 ut
1169 3984 1287 4060 spissim
1299 3935 1346 3997 η)

283 4091 368 4150 docet
379 4091 528 4169 apostolus
539 4091 625 4150 Rom.
639 4107 684 4166 15.
726 4090 765 4149 Et
778 4100 857 4168 patet
871 4110 907 4150 ex
923 4091 1090 4150 auctoritate
1104 4090 1165 4150 ista.
1208 4091 1287 4150 Cum
1297 4105 1363 4154 Rom.
1371 4096 1414 4148 xv.

281 4197 361 4258 enim
389 4198 426 4258 sit
453 4198 561 4257 electus
589 4217 625 4257 ex
654 4198 779 4256 millibus
813 4197 973 4257 secundum
1007 4197 1228 4269 humanitatem,
1258 4208 1286 4257 et
1311 4209 1327 4259 5

673 4335 681 4365 ¹
700 4335 793 4398 dicens,
805 4351 850 4385 oua
863 4347 889 4386 A.
