2932 5046
461 427 512 477 nn
535 426 683 477 orrrcro
707 425 826 478 arms.
1287 412 1349 500 183

137 583 221 644 licet¹
245 585 368 644 seculari
392 585 437 643 vel
458 595 578 661 tangere
599 602 662 643 rem
685 602 798 644 sacram
815 603 868 662 per
888 594 1003 645 nostros
1024 592 1184 686 tantumffff
1199 592 1322 696 meos&

135 701 274 751 cecantur
288 692 352 750 laici
367 692 447 768 quod
461 693 641 769 consumptis
663 694 748 752 rebus
762 694 851 751 sacris
872 692 1024 769 putredine
1043 694 1138 754 iacent
1147 696 1258 740 Ambmse·

136 798 240 857 milites
254 799 345 858 nostri
358 817 394 857 ex
409 817 509 876 pugna
523 817 612 875 quam
633 817 688 859 nos
708 801 918 859 auctorisamus
939 799 1139 860 miserabiliter

136 905 167 964 in
188 905 321 983 hispania
349 906 493 982 captivati.
537 906 749 982 Spoliacionem
774 916 873 966 autem
895 907 1016 965 aliarum
1044 908 1138 967 eccle·

111 1013 243 1078 ssiarum
266 1024 295 1073 et
319 1012 551 1073 destruccionem
576 1031 678 1072 eorum
700 1013 830 1072 funditus
858 1015 1065 1090 approbamus,
1095 1014 1136 1074 sic

133 1129 231 1178 tamen
256 1120 338 1197 quod
361 1117 480 1179 nostre’
499 1119 619 1179 ecclesie
644 1121 701 1178 sint
725 1120 812 1180 illese.
854 1120 1021 1180 Diffinimus
1042 1121 1135 1180 eciam

132 1226 213 1302 quod
234 1245 290 1286 nos
304 1226 462 1304 proditorie
481 1228 615 1304 captivati
631 1237 732 1287 contra
754 1227 849 1304 legem
870 1227 917 1287 dei
937 1238 965 1288 et
982 1229 1136 1288 hominum

132 1333 274 1411 redempti
288 1333 408 1392 sumus³
422 1352 474 1410 per
486 1336 567 1393 bona
582 1335 703 1394 ecclesie
726 1354 784 1411 que
805 1335 928 1394 dicimus
949 1353 1013 1395 esse
1035 1354 1135 1408 sacra3

133 1440 184 1500 sed
205 1451 321 1500 nostros
342 1441 455 1512 milites,
471 1443 521 1516 qui
543 1442 727 1501 decertarunt
748 1461 802 1518 pro
822 1460 911 1501 causa
924 1443 1007 1519 regni
1021 1442 1136 1502 viriliter
1165 1470 1168 1478 ·

35 1583 39 1596 ·
131 1556 218 1624 atque
231 1547 369 1624 legitime,
385 1566 529 1624 negamus
544 1548 651 1608 debere
664 1546 678 1580 *
694 1548 831 1609 debonis
850 1549 972 1608 ecclesie
986 1568 1005 1607 a
1018 1568 1136 1609 carcere

129 1655 251 1714 liberari.
293 1654 382 1714 Unde
406 1655 570 1713 timendum
597 1665 642 1714 est
672 1656 753 1732 quod
781 1668 984 1733 procuratores
1012 1657 1135 1716 militum

130 1762 256 1821 divident
280 1763 366 1821 nobis
387 1761 484 1821 inuitis
513 1763 671 1838 bonaque
694 1781 779 1821 sacra
797 1763 921 1821 dicimus
942 1774 971 1822 et
993 1764 1134 1841 negando

128 1869 311 1928 incarceratis
343 1869 449 1928 nostris
477 1888 582 1928 eorum
611 1870 773 1929 subsidium
800 1868 955 1946 spoliando
989 1888 1134 1949 pauperes

128 1977 264 2035 continue
286 1975 479 2035 cumulamus.
522 1974 584 2034 Res
609 1977 693 2053 igitur
716 1994 823 2047 sacras,
844 1994 933 2053 super
952 1977 1060 2053 quibus
1080 1990 1323 2046 rexmextngmusc

1140 2055 1175 2083 see
1184 2043 1316 2087 thatsacred

88 2093 118 2144 15
128 2081 216 2141 habet
229 2083 351 2160 capitale
369 2083 541 2156 dominium,
557 2082 664 2142 debent
680 2083 745 2142 usui
765 2102 856 2159 quem
877 2083 1035 2141 limitarunt
1051 2083 1131 2161 leges
1139 2093 1342 2190 ffliai'viul'ffi

127 2189 247 2249 ecclesie
269 2190 438 2265 mancipare
448 2190 466 2250 ⁴.
509 2189 586 2248 Cum
613 2190 701 2267 igitur
728 2190 809 2266 leges
830 2189 877 2248 dei
898 2199 986 2266 atque
1007 2190 1131 2250 ecclesie

127 2297 285 2355 limitarunt
319 2295 464 2372 theologis
500 2307 658 2373 proventus
693 2296 883 2356 ecclesiarum
918 2296 1130 2373 parochialium

125 2404 288 2480 culpandus
308 2404 384 2462 foret
402 2422 453 2462 rex
468 2405 524 2462 nisi
538 2403 600 2462 fieri
614 2403 700 2463 faciat
715 2405 756 2464 sic
771 2403 806 2463 de
821 2405 888 2463 suis.
931 2404 1022 2463 Cuius
1043 2405 1131 2481 igitur

125 2510 225 2569 oculus
239 2510 313 2569 foret
326 2529 455 2587 nequam
469 2511 539 2587 quia
552 2529 603 2569 rex
618 2511 680 2569 sine
699 2511 898 2587 repugnancia
916 2510 1037 2570 alicuius
1056 2511 1129 2587 legis

85 2617 269 2676 20autentice
291 2617 359 2675 facit
380 2618 416 2676 de
437 2618 524 2676 bonis
538 2617 663 2693 propriis
676 2617 789 2676 iussum
804 2617 870 2676 dei?
911 2616 975 2676 Nec
991 2625 1034 2675 est
1048 2618 1127 2676 racio
1136 2619 1343 2725 ffiflsssssesffgffs

124 2742 215 2800 quare
226 2743 304 2801 papa
313 2733 432 2801 propter
447 2725 570 2782 abusum
581 2733 788 2801 patronatuum
802 2724 897 2800 capiat
911 2741 964 2782 eos
977 2724 1008 2780 in
1021 2741 1127 2782 manus
1135 2724 1339 2816 ggpgfipretemlient

1227 2788 1249 2825 g,
1259 2788 1283 2816 as
1300 2778 1338 2818 ord

124 2849 191 2890 suas
205 2832 277 2909 quin
291 2850 343 2907 per
356 2830 435 2889 idem
449 2830 547 2889 liceret
562 2830 617 2889 sibi
627 2848 731 2907 capere
745 2832 824 2890 bona
837 2830 1019 2902 mortificata,
1031 2831 1126 2890 eciam
1135 2821 1325 2927 {nffissrffissm

123 2956 223 3015 regna,
245 2941 347 2997 abusa.
390 2937 449 2997 Sed
472 2936 639 2997 evidencius
656 2936 782 2996 'domini
805 2956 897 3014 penes
921 2956 995 3016 quos
1020 2936 1126 2998 residet
1134 2925 1337 3028 ffl‘gffiffidfm

123 3045 245 3122 capitale
260 3044 433 3117 dominium,
446 3044 483 3104 de
498 3062 625 3120 quorum
639 3042 805 3103 elemosinis
815 3063 893 3122 papa
904 3043 992 3103 habet
1003 3045 1124 3117 lucrum,
1133 3027 1238 3129 diff
1250 3028 1288 3070 ‘¹¹⁶

81 3163 111 3213 ²5
122 3161 261 3228 caperent
281 3151 471 3210 elemosinam
493 3169 577 3211 suam
592 3150 680 3209 abeo
694 3161 813 3228 propter
835 3153 979 3211 maiorem
1000 3153 1125 3210 abusum

121 3268 151 3318 et
184 3258 300 3334 gravius
334 3258 417 3336 regni
452 3257 622 3334 periculum.
678 3257 799 3336 Semper
826 3259 905 3317 enim
939 3267 982 3317 est
1016 3259 1125 3318 abusus

121 3365 317 3441 dampnabilis
337 3366 500 3441 utrobique,
515 3374 545 3423 et
565 3365 595 3421 in
616 3365 743 3440 graviori
764 3383 891 3442 persona
909 3365 1004 3442 magis
1021 3365 1125 3442 damp-

122 3472 234 3531 nabilis.
276 3471 340 3531 Nec
361 3483 477 3531 moveat
499 3471 581 3550 quod
602 3472 723 3550 quidam
744 3471 822 3531 nude
839 3472 960 3548 alligant
973 3471 1123 3530 decretum
1132 3480 1218 3523 Thats·
1230 3479 1333 3523 Ambrose

1131 3532 1202 3573 would
1211 3540 1249 3573 not
1257 3531 1320 3574 allow

35 3564 64 3674 ξι
119 3579 268 3638 Ambrosii
291 3580 363 3638 xxiii
385 3599 414 3656 q.
437 3580 501 3638 viiie
521 3579 678 3638 Conuem'or
699 3597 734 3637 ac
756 3579 780 3637 si
799 3577 874 3637 foret
894 3578 1055 3637 contrarius
1076 3577 1122 3636 isti
1130 3581 1282 3684 {hessdffiffi

35 3692 84 3743 tc.
118 3688 265 3746 sentencie
288 3696 318 3746 et
339 3705 391 3763 per
415 3704 599 3763 consequens
613 3685 669 3745 sibi
683 3685 746 3762 ipsi.
789 3684 868 3743 Nam
881 3685 934 3744 iste
948 3684 1069 3743 intendit
1088 3702 1119 3743 se
1129 3683 1332 3786 ss‘ssssmgfflffh

118 3812 180 3854 non
193 3795 359 3854 consentire
370 3794 472 3853 Cesari
486 3792 637 3852 liberando
652 3793 706 3852 sibi
720 3792 823 3851 iniuste
837 3792 947 3869 petenti
960 3791 1118 3864 basilicam,
1127 3799 1141 3825 ³
1153 3784 1301 3886 in'nglssgffl

119 3920 171 3978 per
183 3902 264 3977 quod
275 3903 362 3961 nimis
376 3900 555 3960 subtraheret
572 3900 684 3960 cultum
698 3899 752 3958 dei.
793 3899 832 3957 Et
845 3917 882 3957 ex
892 3899 903 3932 ⁵
914 3899 970 3958 isto
985 3908 1116 3975 arguunt,
1126 3886 1331 3990 ξ’γςκξξζξξξζξῃε

118 4010 210 4069 cecati
223 4028 276 4086 per
290 4010 389 4069 locum
403 4027 421 4068 a
435 4008 530 4081 simili,
542 4008 624 4085 quod
638 4026 700 4066 non
713 4007 780 4067 licet
794 4007 917 4083 principi
928 4006 1025 4083 aliqua
1037 4007 1117 4064 bona
1125 3987 1315 4092 miesffigue

116 4117 238 4176 ecclesie
273 4115 311 4174 ad
338 4133 409 4176 usus
435 4116 579 4191 legitimos
615 4114 745 4173 limitare.
785 4112 906 4172 Utinam
934 4089 1195 4172 attenderenthm'

149 4263 342 4326 ¹1icet,0m.a
408 4261 512 4314 ²matre
524 4271 573 4329 pro
584 4268 675 4326 nostre,
688 4275 715 4313 n.
781 4262 933 4324 'simuaa
998 4261 1116 4313 *manci-

116 4343 179 4407 pari,
192 4356 218 4392 Α.
284 4345 448 4403 ⁵err,om.n.
