2828 5048
88 409 131 471 66
617 418 666 468 ns
689 416 836 468 orr1cro
859 417 977 467 nscrs

87 594 118 686 gl
118 600 258 696 &wespa
266 652 289 686 to
297 588 400 639 notum
428 577 509 655 quod
530 578 618 636 virtus
642 576 761 653 regitiva
781 575 856 651 regis
873 593 904 633 se
924 574 1053 633 extendit
1070 592 1107 632 ex
1126 573 1241 651 integro
1263 574 1302 633 ad

87 695 386 798 llilreyrtllllgxing'somne
415 704 502 762 super
529 702 588 760 quo
616 683 693 742 cadit
718 680 811 741 eius*
838 681 1002 740 dominium
1033 680 1175 750 seculare,
1205 689 1238 738 ut
1262 680 1342 738 adlts
1354 690 1385 737 b.

87 796 204 840 common.
298 811 402 853 omnes
416 791 550 850 homines
563 790 625 849 eius
639 789 732 866 legios
745 798 774 848 et
788 788 825 847 ad
838 788 937 847 omnia
952 788 1097 846 substrata
1111 805 1164 846 sue
1181 805 1301 864 posses-

297 900 371 959 sioni
382 898 465 958 civili.
507 896 600 973 Super
614 896 713 955 omnia
724 895 844 972 quidem
859 895 926 954 talia
940 913 991 952 rex
1006 893 1168 970 capitaliter
1182 893 1300 952 domin·

296 1016 367 1078 atur,
399 1022 484 1081 super
512 1002 689 1080 quibusdam
715 1003 871 1061 inmediate
899 1011 928 1059 et
956 1019 1044 1077 super
1071 1000 1133 1060 aliis
1163 1000 1324 1074 mediate‚5

217 1156 220 1161 -
296 1113 454 1172 distancius
476 1111 521 1169 vel
542 1109 734 1187 propinquius
758 1108 919 1167 secundum
941 1107 1020 1184 quod
1045 1107 1177 1167 mediant
1200 1108 1300 1185 plures

87 1224 289 1328 3322?thss
298 1229 348 1278 aut
364 1218 518 1296 pauciores
544 1216 706 1275 subdicioni
729 1215 898 1273 eorundem.
939 1214 986 1272 Ex
1004 1234 1063 1292 quo
1081 1217 1212 1292 sequitur
1231 1230 1300 1273 cum

87 1327 247 1438 ie‘nssssinds.
297 1327 370 1385 veris
389 1324 469 1402 quod
494 1342 546 1382 rex
571 1322 738 1381 dominatur
758 1340 846 1398 super
867 1322 948 1381 omni
971 1321 1049 1381 clero
1068 1340 1122 1380 suo
1140 1322 1219 1399 legio
1239 1339 1300 1399 quo

86 1428 245 1531 ξῇξῑῦῖξξῶζῃ
298 1432 336 1491 ad
350 1449 464 1507 corpus,
485 1440 513 1488 et
535 1448 588 1506 per
611 1447 794 1506 consequens
818 1446 903 1505 super
925 1429 1063 1487 omnibus
1086 1429 1301 1505 temporalibus

296 1539 382 1597 bonis
397 1538 463 1596 suis.
506 1535 585 1594 Nam
599 1554 686 1611 super
700 1535 836 1595 omnibus
855 1534 1023 1594 hominibus
1037 1535 1119 1612 legiis
1132 1545 1162 1594 et
1177 1537 1345 1614 quibus-10

297 1663 411 1721 cunque
426 1643 513 1703 bonis
527 1661 629 1702 eorum
644 1642 850 1719 temporalibus
866 1641 1040 1701 dominatur.
1073 1641 1188 1702 Omnes
1202 1642 1300 1702 clerici

85 1764 240 1865 Qum
298 1753 342 1810 sui
357 1751 423 1827 legii
438 1760 506 1808 sunt
520 1750 655 1808 homines
670 1748 713 1807 sui
728 1749 803 1825 legii,
819 1767 888 1825 ergo
902 1749 1060 1808 conclusio.
1101 1748 1141 1808 Et
1154 1768 1192 1807 ne
1208 1759 1302 1808 stetur

87 1859 327 1958 pcffiworldlyxsin
356 1857 582 1934 sophismatibus
607 1854 739 1914 vocando
761 1855 879 1914 virtutes
902 1864 931 1913 et
953 1855 1053 1914 omnia
1072 1856 1151 1914 bona
1173 1855 1301 1915 hominis

296 1973 462 2023 mensurata
476 1973 608 2038 tempore
623 1962 684 2021 eius
698 1961 868 2038 temporalia
883 1979 1018 2038 suppono
1035 1980 1195 2021 comunem
1209 1962 1301 2038 signi·

296 2071 469 2130 ficacionem
487 2069 622 2127 usitatam
643 2068 674 2126 in
696 2069 750 2126 ista
773 2069 894 2127 materia
916 2069 1059 2130 debonis
1081 2069 1344 2149 temporalibus‚r5

296 2176 376 2255 quod
391 2176 490 2235 omnia
505 2185 534 2233 et
548 2175 643 2234 solum
657 2175 705 2232 illa
720 2175 775 2233 sint
790 2177 868 2234 bona
885 2176 1055 2252 temporalia
1070 2175 1197 2234 hominis
1211 2176 1301 2235 versi-

297 2284 380 2342 bilia1
394 2283 438 2342 vel
452 2283 621 2341 adiacencia
635 2301 722 2358 super
739 2283 846 2359 quibus
860 2270 995 2342 convenit
1012 2283 1163 2342 hominem
1179 2283 1302 2342 civiliter

87 2380 260 2484 {ffiffbffiss
301 2389 446 2448 dominari
467 2388 630 2448 cuiusmodi
643 2400 784 2447 vocantur
799 2389 903 2447 mundi
920 2389 1033 2449 divicie.
1078 2388 1125 2448 Sic
1140 2390 1220 2448 enim
1235 2401 1301 2449 orat

87 2484 252 2577 ffi'ssc‘figsso
297 2496 419 2556 ecclesia
440 2514 472 2554 se
495 2495 535 2554 sic
559 2495 680 2553 transire
697 2514 750 2573 per
768 2496 848 2555 bona
869 2497 1040 2572 temporalia
1057 2505 1089 2555 ut
1104 2515 1166 2555 non
1186 2497 1301 2555 amittat

86 2585 290 2688 {fflffffimm
297 2614 405 2675 eterna,
422 2621 483 2661 non
497 2601 685 2679 intelligendo
699 2620 752 2679 per
771 2603 942 2678 temporalia
958 2603 1097 2661 virtutes²
1115 2613 1213 2679 partes
1233 2623 1299 2663 cor·
1311 2633 1346 2669 πο

295 2711 375 2788 poris
389 2710 509 2769 humani
523 2719 573 2768 aut
587 2720 684 2786 partes
699 2709 753 2768 celi
771 2728 839 2768 cum
858 2709 1057 2768 accidentibus
1071 2721 1100 2769 et
1113 2711 1250 2769 minuciis
1265 2729 1301 2770 ac

295 2817 468 2894 corporibus
487 2816 674 2892 simplicibus,
691 2834 778 2892 super
792 2817 919 2893 quelibet
934 2835 995 2875 non
1016 2816 1093 2876 cadit
1108 2816 1198 2876 civilis
1211 2817 1301 2877 racio.

296 2924 358 2982 Isto
373 2923 526 3000 supposito
540 2932 620 2999 patet
636 2923 787 2981 conclusio
804 2941 840 2982 eo
856 2922 936 3001 quod
951 2923 1047 2982 omnis
1063 2940 1114 2982 rex
1132 2923 1303 2982 dominatur

297 3048 383 3106 super
401 3039 463 3088 toto
483 3048 575 3107 regno
592 3048 655 3099 suo,
671 3030 767 3089 omnis
781 3030 903 3089 clericus
923 3030 1035 3106 legius³
1050 3030 1126 3107 regis
1147 3048 1215 3089 cum
1237 3040 1302 3090 tota

296 3136 480 3212 possessione
502 3155 555 3195 sua
576 3146 619 3194 est
637 3154 705 3213 pars
726 3137 817 3213 regni,
831 3155 903 3213 ergo
918 3136 1085 3195 dominatur
1099 3155 1186 3213 super
1201 3139 1299 3195 omni·
1312 3167 1344 3216 ²5

296 3244 351 3300 bus
364 3243 434 3301 istis·
476 3243 568 3301 Aliter
587 3243 665 3301 enim
688 3242 782 3301 forent
801 3244 832 3300 in
851 3261 943 3320 regno
965 3252 994 3300 et
1013 3261 1074 3301 non
1090 3243 1126 3302 de
1141 3243 1191 3302 illo
1205 3262 1302 3320 regno

298 3367 353 3408 nec
367 3367 434 3426 pars
448 3350 519 3420 eius,
534 3350 602 3426 quia
616 3368 668 3426 per
682 3367 714 3408 se
729 3359 832 3408 notum
847 3360 891 3408 est
905 3349 986 3426 quod
1002 3358 1099 3408 totum
1113 3369 1239 3427 regnum
1254 3362 1302 3410 est

86 3464 176 3558 gimpa
176 3478 259 3558 1²⁵0ver
297 3455 368 3515 illud
387 3457 467 3534 quod
481 3457 616 3515 terminat
634 3457 811 3533 adequatum
825 3457 901 3533 regis
920 3456 1092 3515 dominium.
1133 3456 1173 3515 Et
1190 3468 1223 3516 ut
1245 3458 1303 3516 ista

86 3529 276 3670 pfflppgffiflent
299 3564 447 3624 conclusio
475 3564 569 3640 magis
597 3573 735 3640 appareat
763 3563 891 3640 adiungo
919 3564 1040 3623 terciam
1068 3564 1302 3636 conclusionem,

87 3669 268 3769 {ffsslffiulffn‘fi‘
299 3671 378 3747 quod
399 3672 474 3730 sicut
492 3671 648 3749 prepositi*
664 3670 825 3747 spirituales
847 3689 884 3729 ex
905 3670 1063 3748 prudencia
1081 3672 1125 3730 sui
1146 3672 1301 3749 regiminis
1312 3699 1347 3748 30

3 3843 6 3847 Α
87 3772 258 3912 ξξὲἷίἑξξζξῖζξζ
298 3788 365 3836 sunt
378 3778 560 3854 prosperitati
574 3796 732 3854 regnorum
746 3777 811 3854 plus
825 3778 917 3851 utiles,
932 3779 972 3837 sic
986 3778 1123 3855 prepositi
1138 3778 1303 3856 spirituales

87 3873 241 3966 {ffiffifosslgec
257 3871 288 3912 Μ
299 3885 328 3942 in
346 3885 402 3942 isto
417 3884 558 3960 regimine
577 3902 613 3941 ex
627 3884 797 3960 ignorancia
814 3886 954 3962 scripture
970 3886 1013 3944 vel
1031 3904 1118 3945 causa
1132 3885 1188 3944 alia
1205 3887 1302 3964 negli-

87 3985 272 4090 (glgffijgiffil
298 4001 401 4069 gentes
415 4000 482 4049 sunt
498 4009 655 4066 regnorum
669 3990 796 4067 precipui
810 3992 981 4068 proditores
1023 3992 1121 4052 Prima
1136 4012 1204 4069 pars
1218 4005 1304 4070 patet

88 4087 291 4190 fflfflfflssffigg
300 4118 335 4158 ex
346 4097 403 4157 hoc
414 4097 494 4176 quod
508 4097 580 4156 tales
594 4097 734 4174 prepositi
748 4098 893 4157 efficacius
908 4099 1016 4159 docent
1031 4099 1164 4159 subditos
1179 4100 1304 4161 obedire

364 4245 372 4272 ¹
390 4245 507 4307 visibilia,
520 4256 544 4293 Β.
692 4243 703 4272 ²
718 4251 822 4305 venene,
835 4259 858 4294 A.
1005 4244 1015 4272 ⁸
1031 4245 1096 4310 regis
1106 4244 1194 4311 legius,
1207 4259 1232 4298 B.

702 4321 709 4350 ¹
727 4323 852 4386 preposui,
864 4335 890 4371 Α.
