2828 5048
75 392 117 455 80
609 399 659 450 nr
682 398 829 450 orrrcro
853 398 971 449 arms.

72 558 250 654 ppffigfflhl
250 609 278 653 cu
286 559 373 619 debet
394 576 458 618 esse
482 557 641 635 preciosius
661 576 749 635 quam
771 557 961 616 ministerium
982 558 1027 616 vel
1048 557 1176 616 redditus
1197 575 1288 635 quem

74 663 126 713 they
135 661 242 703 “nd“‘0
285 666 457 744 rependunt,
469 683 538 724 cum
548 665 708 723 virtuosum
721 662 863 740 regnum²
878 664 908 722 in
923 684 990 741 rege
1005 664 1040 723 sit
1054 664 1120 724 Deo
1135 665 1289 741 accepcius

72 712 125 756 nne
285 791 375 850 quam
389 775 501 831 bonum
515 771 631 830 fortune
646 771 689 830 vel
704 770 894 830 ministerium
908 772 1069 848 corporale.
1110 771 1150 828 Et
1171 789 1231 848 quo
1250 771 1289 830 ad

74 861 263 955 ffliffiflf
284 881 363 938 bona
387 878 498 937 virtutis
522 888 602 954 patet
627 878 708 954 quod
732 897 784 936 rex
807 879 892 937 debet
918 896 981 936 esse
1004 878 1159 936 virtuosior
1183 889 1211 936 et
1235 896 1288 954 per

74 965 231 1066 {iffiffln
283 1004 468 1064 consequens
495 1004 532 1044 ex
554 985 581 1042 vi
610 985 797 1044 comunionis
825 985 913 1043 debet
941 1003 1005 1044 esse
1034 985 1064 1043 in
1092 985 1312 1056 retribucione5

74 1066 217 1107 andsomore
338 1095 364 1108 ..
452 1094 458 1106 .
563 1093 569 1105 .
1007 1093 1012 1105 .
1142 1093 1148 1105 .
1190 1093 1196 1106 .

74 1115 272 1159 tentamenta.
284 1095 408 1165 lertrlror,
423 1095 503 1152 ahter
523 1111 602 1151 emm
622 1111 684 1151 non
706 1102 831 1151 servaret
852 1092 931 1168 leges
954 1110 1029 1169 regis
1050 1093 1206 1168 magnifici.
1248 1093 1287 1151 Et

282 1202 368 1260 istam
390 1200 541 1258 veritatem
562 1198 673 1257 videtur
701 1217 756 1258 nos
779 1199 929 1276 apostolus
958 1199 1063 1258 docere
1087 1199 1213 1259 Roman.
1237 1200 1286 1258 xiii
1323 1224 1376 1257 om.
1387 1208 1412 1256 xi

74 1306 404 1401 ffldsss‘ltfffioquando
432 1307 519 1366 dieit²
543 1307 609 1365 Ideo
636 1311 708 1365 enim
735 1316 762 1366 et
789 1308 897 1367 tributa
917 1308 1083 1385 prestaret.
1126 1307 1197 1366 Non
1218 1307 1287 1366 dicit

75 1408 224 1512 fflffi
283 1414 431 1475 ‘donatis'
442 1414 487 1473 vel
498 1419 504 1445 ‘
514 1414 587 1473 datis
597 1414 604 1439 '
615 1414 667 1472 sed
677 1415 826 1490 signanter
835 1414 915 1491 quod
927 1420 935 1445 ‘
945 1415 1096 1492 praestatis
1106 1413 1133 1486 ³‚’
1146 1416 1183 1473 ad
1193 1415 1286 1473 deno·

75 1510 155 1563 ’ΨΜ
163 1519 245 1554 retum.
283 1522 404 1580 tandum
432 1521 517 1580 nobis
551 1520 630 1597 quod
664 1540 714 1580 rex
744 1521 829 1580 debet
865 1522 1156 1598 superhabundanter
1190 1522 1309 1586 facere1

283 1647 512 1705 recompensam.
553 1627 591 1686 Et
606 1629 696 1686 tercio
714 1628 792 1687 idem
809 1628 997 1687 confirmatur
1014 1647 1050 1686 ex
1065 1628 1122 1687 hoc
1137 1629 1217 1705 quod
1232 1647 1284 1687 rex

284 1736 371 1795 debet
384 1754 448 1794 esse
465 1735 655 1811 propinquior
676 1734 722 1792 dei
736 1735 857 1792 vicarius
872 1745 900 1794 et
917 1736 944 1793 ei
959 1735 1088 1794 similior.
1131 1735 1189 1794 Sed
1204 1735 1286 1794 Deus

72 1832 231 1927 (νῖξζζῇὴξοξξξ
284 1842 348 1919 plus
363 1842 450 1901 debet
469 1843 528 1901 suis
549 1841 671 1900 subditis
688 1859 777 1918 quam
799 1860 814 1900 e
836 1851 945 1913 contra,
961 1860 1033 1917 ergo
1054 1853 1083 1902 et
1103 1862 1155 1901 rex
1170 1861 1230 1920 quo
1247 1843 1285 1900 ad

73 1935 268 2035 ,fffflsshg'gdm
283 1950 414 2008 subditos
425 1949 507 2026 regni
517 1949 569 2008 sui.
598 1947 688 2020 Quod
699 1958 796 2006 autern
806 1949 877 2007 deus
888 1949 1049 2025 obligacior
1060 1960 1104 2008 est
1115 1968 1166 2008 sue
1175 1949 1284 2009 fabrice
1315 1955 1348 2019 ’.ᾗ

73 2036 203 2139 RQ}
283 2075 372 2133 quam
398 2075 414 2114 e
438 2065 539 2115 contra
564 2056 649 2114 docet
678 2054 859 2132 Augustinus
888 2055 918 2112 in
945 2056 998 2115 ‘de
1021 2057 1116 2115 verbis
1145 2054 1414 2411 Domini’ffut-

74 2139 248 2240 ᾈἛξῗὸἒᾶῗ
282 2182 416 2222 sermone
437 2164 497 2222 xli.⁴
512 2162 670 2221 ‘Habuisti
688 2182 729 2219 me
742 2164 913 2238 largitorem,
923 2163 1024 2241 facito
1042 2162 1203 2223 debitorem!
1246 2125 1321 2222 EtV
1350 2126 1375 2201 δ’·
1393 2190 1413 2239 ἰ,

101 2240 253 2341 oiiliiiiim
282 2280 360 2346 patet
375 2289 441 2329 cum
456 2269 537 2329 Deus
552 2271 601 2328 dat
619 2280 732 2328 tantum
754 2289 877 2346 persone
899 2269 1011 2329 homini
1035 2282 1176 2347 quantum
1191 2271 1286 2343 debet,
1353 2271 1377 2304 V·

74 2340 236 2442 {illidium
282 2387 311 2435 et
339 2376 387 2435 dat
411 2376 523 2435 homini
548 2376 648 2434 omnia
671 2377 751 2435 bona
777 2394 831 2434 sua
860 2377 1001 2434 naturalia
1029 2388 1057 2436 et
1085 2377 1285 2450 accidentalia,
1328 2402 1345 2453 ;,;

1338 2456 1349 2481 ἱ

282 2501 383 2561 ymmo
407 2483 614 2542 beatitudinem
637 2494 666 2542 et
690 2501 721 2541 se
744 2483 849 2560 ipsum,
873 2483 963 2542 homo
986 2494 1084 2544 autem
1106 2503 1167 2542 non
1188 2495 1287 2561 potest

283 2600 394 2650 tantum
408 2609 425 2649 e
440 2601 542 2649 contra
564 2589 683 2648 reddere
697 2589 763 2648 Deo
786 2608 848 2662 suo,
864 2600 942 2666 patet
964 2591 1044 2667 quod
1058 2591 1139 2649 Deus
1161 2601 1204 2650 est
1219 2593 1285 2668 plus
1296 2605 1331 2641 20

283 2696 426 2757 creditor⁶
440 2696 554 2755 homini
572 2714 661 2773 quam
678 2715 694 2754 e
709 2705 821 2756 contra.
864 2697 936 2755 Ideo
954 2697 1023 2756 dicit
1037 2698 1219 2774 Augustinus
1233 2698 1286 2757 ubi

284 2822 386 2881 supra:
407 2802 471 2861 Fac
485 2823 525 2860 me
538 2803 680 2861 debitorem
696 2847 703 2861 .
718 2849 725 2862 .
743 2804 864 2863 .Pauca
878 2805 967 2862 me'cbi
981 2806 1042 2876 dar,
1056 2806 1147 2881 plura
1161 2806 1286 2866 reddam.
1295 2822 1365 2937 Alie}
1376 2823 1413 2872 ib.

1294 2901 1323 2937 ιιι
1365 2905 1388 2938 e.

286 2911 409 2969 Terrena
437 2911 526 2968 michi
546 2911 607 2980 dar,
630 2911 735 2967 celestia
759 2911 881 2968 reddam.
929 2910 1104 2987 Temporoliee
1126 2913 1200 2970 mibi
1222 2913 1285 2982 das,

282 3025 375 3076 eterna
389 3019 542 3075 restituam.
588 3016 626 3074 Te
639 3017 729 3091 besum
744 3017 798 3074 tibi
808 3018 930 3087 reddam,
945 3019 1056 3092 quando
1069 3025 1094 3076 te
1106 3019 1181 3076 mibi
1192 3020 1287 3076 reddi-

282 3126 354 3183 dero.
395 3122 434 3181 Et
448 3133 527 3200 patet
538 3123 618 3199 quod
632 3123 799 3182 maioritas⁶
812 3123 877 3182 talis
892 3124 980 3183 debiti
994 3125 1062 3183 dicit
1076 3125 1285 3184 excellenciam
1297 3141 1331 3191 25

284 3231 430 3290 debitoris.
471 3228 559 3288 Unde
587 3239 700 3306 oportet
727 3230 845 3288 fidelem
873 3231 945 3289 scire
974 3230 1010 3289 de
1038 3231 1137 3291 debito
1166 3232 1286 3291 distinc-

282 3339 400 3398 cionem
414 3335 564 3414 quomodo
579 3334 661 3394 Deus
682 3336 768 3395 debet
786 3336 903 3396 racione
918 3338 1048 3412 graciose
1070 3338 1284 3414 promissionis,

283 3454 414 3504 creatura
435 3453 531 3502 autem
554 3442 671 3502 racione
695 3442 827 3501 beneficii
845 3443 947 3519 prioris
968 3444 1161 3520 accepcionis‚
1177 3452 1206 3502 et
1227 3444 1287 3504 hoc

283 3551 434 3628 dupliciter
443 3551 463 3623 ⁷,
496 3550 540 3608 vel
580 3549 742 3609 secundum
777 3549 1006 3625 superioritatem
1041 3550 1086 3609 vel
1120 3551 1286 3609 secundum

282 3659 498 3718 inferioritatem
519 3656 665 3734 graduum
686 3674 760 3732 quos
774 3655 875 3714 Deus⁸
889 3656 1010 3716 instituit
1024 3655 1130 3719 inferre
1152 3656 1285 3715 debiturn
1296 3678 1331 3726 30

281 3764 431 3824 ministerii
459 3763 591 3823 modum.
636 3761 701 3820 Suis
729 3762 874 3821 ordinavit
898 3761 1004 3821 *enim
1032 3774 1062 3823 ut
1089 3763 1223 3839 superior
1246 3763 1372 3824 sitlab.

282 3871 449 3948 obligacior.
489 3869 572 3928 Deus
595 3878 690 3927 autem
716 3868 801 3927 debet
823 3887 860 3927 ex
882 3887 935 3928 sua
963 3868 1141 3929 misericordi
1168 3869 1285 3928 iusticia

283 3977 393 4037 solvere
421 3976 501 4053 quod
533 3975 673 4052 promisit.
714 3973 801 4034 Unde
830 3975 1010 4050 Augustinus
1044 3975 1075 4033 in
1104 3975 1157 4034 ‘de
1185 3976 1286 4035 verbis

314 4136 458 4201 ¹regimen‚
482 4148 506 4186 Β.
563 4134 636 4184 ’orm
655 4134 724 4194 dicit,
748 4146 775 4185 Α.
833 4134 970 4199 ³patratis,
997 4147 1023 4187 Α.
1077 4135 1176 4197 ⁴xliv0,
1200 4147 1230 4196 A,
1257 4147 1286 4185 Β.

281 4215 291 4245 ³
317 4216 423 4265 creditor
434 4231 495 4264 corr.
509 4213 573 4265 Edi.
587 4230 624 4262 ex.
637 4213 742 4273 debitor,
755 4225 786 4274 r;
804 4212 898 4275 debito,
915 4225 941 4261 Α.
1106 4211 1116 4238 ⁶
1132 4211 1243 4276 majoris,
1256 4225 1278 4262 Α

282 4289 445 4357 'duplemm
563 4290 756 4352 ⁸om.deus,A.
