2932 5046
563 448 613 497 nn
637 448 782 498 orsrcro
806 448 923 498 nrors.
1386 429 1431 499 26¹

241 605 320 683 quod
338 608 444 665 instant
460 606 579 683 quidam
599 607 755 682 sophistice
772 625 824 683 per
841 606 897 665 hoc
912 604 993 683 quod
1011 603 1093 663 multi
1108 613 1174 663 sunt
1188 604 1238 680 qui
1247 617 1431 712 {ffi'fficffl

240 733 300 773 non
315 714 422 771 habent
435 731 543 772 uxores
557 711 606 770 a‘ut
621 712 695 772 filios
709 713 756 772 vel
770 713 936 771 huiusmodi
951 712 1138 788 parentelam.
1182 710 1240 769 Sed
1250 719 1320 812 ἓξὲξ
1329 729 1371 761 met
1381 720 1410 772 br

241 839 301 878 non
317 819 419 878 odiunt
440 837 497 896 que
516 837 577 877 non
596 828 671 877 sunt.
712 818 793 895 Ergo
815 837 874 877 non
894 826 1010 895 oportet
1029 818 1067 876 ad
1082 816 1168 876 Cristi
1183 817 1240 875 dis·

241 927 353 1002 cipulos
368 927 467 984 omnia
480 925 533 985 hec
547 925 637 983 odire.
681 925 739 983 Hic
760 925 864 983 dicitur
882 925 1044 984 comuniter
1061 925 1141 1001 quod
1160 925 1242 984 odire

218 1033 382 1108 5accipitur
401 1050 455 1108 pro
476 1030 671 1108 postponere¹
686 1032 716 1088 in
736 1049 836 1089 amore
854 1031 989 1101 Cristum,
1004 1050 1071 1090 cum
1093 1041 1122 1089 et
1145 1031 1241 1107 legem

224 1133 326 1197 vsuam
354 1147 468 1214 oportet
496 1137 743 1214 preponderanter
771 1137 898 1212 diligere.
950 1136 996 1196 Sic
1019 1137 1099 1212 quod
1123 1137 1243 1213 quilibet

243 1244 354 1302 habens
369 1243 423 1302 hec
443 1253 555 1320 septem
573 1243 618 1302 vel
633 1243 742 1320 aliquid
758 1262 870 1314 eorum,
887 1244 1074 1302 necessitatus
1087 1243 1132 1302 vel
1146 1244 1242 1320 ipsum

243 1350 363 1426 perdere
377 1349 423 1407 vel
438 1350 532 1425 legem
543 1349 628 1408 Cristi
639 1350 779 1421 deserere,
789 1351 891 1426 pocius
905 1349 1036 1425 perderet
1051 1350 1144 1408 eciam
1155 1351 1242 1408 vitam

78 1470 184 1519 Mattx.
194 1469 233 1531 38.
243 1474 335 1527 suam,
350 1457 419 1533 quia
433 1456 521 1526 aliter,
537 1466 568 1513 ut
583 1456 686 1514 dicitur
700 1455 804 1515 Matth.
824 1475 869 1528 10,
882 1475 941 1514 non
957 1467 1000 1514 est
1015 1455 1112 1515 Cristo
1127 1456 1232 1532 dignus

204 1562 301 1622 roVel
320 1572 414 1639 potest
435 1561 472 1620 ad
496 1580 613 1620 sensum
630 1563 776 1619 misticum
793 1562 915 1621 concedi
934 1561 1014 1639 quod
1034 1563 1129 1621 omnis
1150 1562 1242 1622 homo
1252 1578 1300 1640 fruc
1309 1584 1356 1619 true
1365 1590 1431 1619 mean.

243 1670 330 1728 habet
348 1687 469 1727 uxorem
488 1678 517 1726 et
540 1668 622 1740 filios
637 1686 706 1727 cum
727 1668 815 1726 habet
833 1687 952 1726 carnem
972 1679 1000 1726 et
1015 1687 1104 1745 opera
1118 1629 1425 1728 camaliamgotuetext

243 1785 404 1852 procreata.
444 1773 498 1832 Est
521 1792 592 1851 ergo
616 1774 743 1833 intencio
767 1774 896 1832 mandati
921 1774 1032 1832 domini
1056 1775 1136 1851 quod
1161 1793 1245 1834 verus

245 1880 329 1940 Cristi
344 1880 500 1958 discipulus
514 1878 684 1957 postponat⁹
703 1889 834 1956 respectu
855 1881 899 1938 sui
916 1891 945 1938 et
960 1881 1005 1938 sui
1019 1882 1130 1941 consilii
1145 1883 1245 1941 omnia

244 1987 414 2064 temporalia
423 1988 458 2051 in
466 2006 574 2046 amore.
618 1986 676 2045 Sed
688 1987 838 2064 quomodo
850 1989 1019 2046 observatur
1028 1988 1085 2047 hoc
1097 2006 1245 2064 agwerra-

205 2113 235 2162 15
244 2105 307 2153 tore
322 2094 371 2171 qui
385 2102 446 2151 tam
460 2093 647 2170 corporaliter
661 2111 750 2168 quam
765 2094 949 2169 spiritualiter
960 2095 1066 2153 occidit
1077 2095 1205 2154 Cristum
1215 2096 1245 2152 in

245 2201 383 2259 membris
392 2201 490 2277 gracia
499 2200 617 2258 comodi
626 2201 810 2277 temporalis?
833 2200 973 2260 Tercium
984 2200 1069 2260 Cristi
1079 2201 1245 2260 consilium³
1254 2205 1409 2299 ξοᾞζξῖῑὴίτά

81 2322 153 2370 Matt.
166 2318 235 2368 xviii.
244 2317 288 2365 est
311 2306 379 2364 illud
405 2305 508 2364 Matth.
534 2307 611 2377 xviii,
635 2306 685 2363 ubi
714 2303 854 2382 precipit⁴
881 2307 932 2364 in⁵
959 2307 1046 2367 Petro
1074 2308 1246 2384 generaliter

81 2400 122 2501 ἐξ·
129 2466 153 2500 a·
245 2413 355 2472 cunctis
371 2411 503 2470 fidelibus
516 2430 608 2487 usque
624 2414 822 2489 septuagesies
837 2415 947 2490 sepcies
961 2415 1019 2473 hoc
1033 2425 1077 2473 est
1091 2415 1247 2492 quociens·

245 2538 361 2595 cunque
376 2519 406 2576 in
420 2519 500 2595 ipsos
513 2519 696 2594 peccaverint
709 2520 851 2577 remittere
866 2519 944 2579 fratri
955 2539 1016 2580 suo.
1059 2520 1156 2579 Nemo
1167 2521 1246 2578 enim

205 2635 348 2702 210peccat
361 2625 392 2682 in
411 2625 500 2682 alium
514 2625 570 2683 nisi
583 2625 656 2683 ultra
671 2626 773 2684 decem
788 2627 996 2702 prevaricando
1016 2628 1046 2684 in
1060 2626 1245 2702 decalogum,

247 2744 276 2790 et
303 2732 413 2809 sepcies
437 2731 574 2790 undecim
597 2733 780 2807 septuaginta
802 2743 914 2809 septem
938 2734 1125 2792 constituunt.
1168 2733 1245 2792 Cum

245 2839 332 2914 igitur
356 2856 444 2896 nemo
467 2838 553 2896 debet
575 2855 717 2912 gwerrare
740 2839 795 2896 nisi
816 2849 935 2915 propter
959 2839 1091 2915 gwerrati
1111 2840 1247 2898 iniuriam

246 2963 334 3021 quam
360 2944 481 3003 omnino
499 2944 585 3005 debet
607 2945 759 3015 dimittere,
783 2955 863 3022 patet
884 2946 965 3022 quod
985 2963 1073 3005 nemo
1094 2956 1248 3022 gwerraret

246 3069 315 3109 cum
329 3050 439 3127 populo
455 3050 509 3108 nisi
523 3061 641 3128 propter
655 3068 786 3109 amorem
801 3053 990 3111 correccionis
1004 3071 1093 3128 quem
1107 3053 1194 3112 habet
1209 3053 1247 3111 ad

235 3157 396 3234 populum.
450 3155 507 3215 Sed
533 3155 658 3215 formam
685 3158 826 3233 optimam
854 3159 973 3216 instituit
1001 3158 1111 3217 Cristus
1139 3159 1245 3217 ibidem
1256 3167 1298 3208 But
1307 3167 1378 3209 Christ
1387 3167 1418 3209 in·

248 3263 400 3335 mandans,
416 3262 495 3339 quod
517 3262 541 3319 si
565 3263 667 3339 aliquis
692 3262 777 3321 frater
798 3273 863 3322 tuus
884 3264 914 3321 in
934 3273 962 3322 te
981 3266 1141 3340 peccaverit
1162 3265 1247 3323 debet
1255 3219 1344 3309 iffi}
1351 3218 1431 3329 digllbi

249 3369 409 3428 secundum
425 3378 483 3427 tres
502 3368 609 3444 gradus
629 3369 724 3445 primo
739 3369 852 3445 corripi,
867 3379 895 3426 et
910 3369 1102 3445 postmodum
1123 3320 1430 3429 manensnratt.xvm.15.

249 3476 451 3552 incorrigibilis
481 3477 567 3534 debet
599 3476 671 3533 sicut
701 3475 833 3534 ethnicus
854 3475 900 3533 vel
920 3474 1093 3550 publicanus
1114 3476 1431 3577 i¹¹00m¹¹·ff,¹;{¹{,³2,“?,‡¹·

250 3582 384 3642 nicabilis
405 3581 552 3658 dereliqui.
603 3581 683 3639 Num
704 3581 774 3658 quid
796 3581 826 3638 in
848 3581 945 3657 aliquo
967 3581 1088 3639 istorum
1109 3589 1244 3657 quattuor
1253 3599 1304 3628 war.

209 3676 242 3787 ap
250 3701 292 3748 est
306 3690 400 3747 fratris
415 3688 573 3747 debellacio
594 3689 652 3746 sive
671 3687 797 3746 occisio?
839 3685 993 3762 Numquid
1009 3686 1057 3743 illa
1077 3687 1247 3745 vindicativa

230 3792 380 3871 Jostensio
405 3795 481 3871 que⁰
502 3794 603 3851 dicitur
621 3792 741 3851 ecclesie
764 3791 918 3862 invadenti,
934 3809 1033 3849 verum
1051 3791 1119 3849 dicit
1134 3790 1170 3850 de
1185 3809 1248 3849 cor-

228 3880 387 3978 }'repcione
409 3901 536 3975 legitima
565 3899 715 3957 cuiuslibet
743 3916 800 3975 qua
827 3897 955 3956 invadit?
997 3897 1148 3974 Numquid
1176 3897 1250 3956 soret

228 4048 231 4053 -
250 4007 411 4083 legitimum
421 4007 461 4064 sic
471 4005 605 4064 invadere
619 4005 797 4082 quemlibet⁷
812 4004 960 4063 ethnicum
975 4014 1024 4062 aut
1042 4002 1248 4079 publicanum?

227 4104 229 4109 ’
250 4111 322 4171 Non
340 4131 412 4187 ergo
429 4121 472 4170 est
488 4112 618 4170 remissio
633 4130 699 4169 vera
717 4120 745 4169 et
767 4112 912 4188 completa
929 4110 1031 4168 iniurie
1048 4110 1085 4168 ad
1104 4127 1193 4184 quam
1209 4111 1250 4168 ita

283 4283 396 4348 ¹ponere
402 4290 450 4347 pro
459 4289 613 4346 postponere,
625 4295 650 4332 A.
691 4280 920 4346 ‘postponatunn
963 4281 1118 4339 ³consili,n.
1151 4279 1250 4344 ⁴preci-

251 4361 324 4427 litut,
338 4374 364 4409 Α.
415 4359 570 4420 5ἰιι,οηι.Β.
622 4359 695 4423 ⁶qua
701 4367 749 4423 pro
761 4376 815 4422 que,
829 4372 852 4409 B.
904 4357 1212 4423 'quemproquemlibet
1245 4397 1251 4410 .
