2828 5048
99 398 161 465 234
589 397 638 445 DE
662 395 807 447 OFFICIO
829 397 948 446 REGIS.

95 563 283 664 sssstgffiffl
305 550 447 626 profunde
467 551 689 611 excomunicare
704 561 736 610 ut
750 552 831 611 deus.
874 551 999 628 Oportet
1020 553 1097 610 enim
1113 551 1180 610 dare
1195 553 1305 628 gradus

95 663 235 754 ppegppver·
304 649 597 728 excomunicacionis,
621 667 652 715 ut
677 667 756 735 patet
780 658 817 716 de
840 658 1119 717 excomunicacione
1146 659 1250 717 maiori
1276 669 1305 718 et

303 763 417 821 minori.
472 762 511 821 Et
538 764 647 822 videtur
675 764 754 840 quod
787 765 834 836 sic,
864 765 932 841 quia
967 764 1004 822 ad
1039 783 1160 823 omnem
1194 783 1305 840 penam

306 879 476 944 perpetuam
505 869 542 928 ad
567 888 656 946 quam
682 871 753 928 deus
776 880 872 947 potest
899 870 1123 929 excomunicare
1151 870 1305 929 hominem

305 984 401 1051 potest
415 993 500 1051 papa,
516 975 590 1033 sicut
604 976 723 1034 faciliter
737 977 916 1035 convincitur
929 976 1122 1052 falsigraphus
1135 976 1329 1048 concedens5

305 1081 482 1157 oppositum.
524 1079 635 1141 Ymmo
663 1082 687 1140 si
717 1100 779 1140 non
807 1082 939 1141 credatur
966 1100 1042 1159 pape
1070 1083 1306 1140 anatematisanti

306 1187 456 1246 hominem
471 1189 577 1246 eternis
592 1188 717 1264 ignibus
732 1187 776 1246 vel
790 1198 931 1264 quantum
953 1188 1024 1246 deus
1038 1197 1144 1263 potest,
1159 1188 1305 1263 peridem

95 1310 235 1371 sursucpan
308 1311 458 1370 nunquam
479 1294 642 1352 crederetur
664 1294 726 1352 sibi.
770 1292 829 1352 Sed
850 1293 1037 1352 deliramenta
1059 1303 1126 1351 sunt
1148 1294 1211 1365 ista,
1235 1295 1306 1370 quia

94 1375 263 1463 iffisspm
307 1401 378 1458 deus
393 1399 592 1458 excomunicat
606 1400 636 1456 in
651 1400 750 1474 aliquo
764 1418 868 1474 genere
891 1400 928 1458 ad
950 1401 1031 1458 cuius
1051 1399 1164 1457 nullum
1178 1399 1305 1475 gradum

307 1522 383 1581 papa
398 1513 493 1580 potest
507 1505 657 1580 attingere,
672 1523 740 1564 cum
755 1506 790 1563 sit
804 1505 900 1563 nudus
914 1504 1114 1581 promulgator
1131 1506 1303 1564 excomuni-
1315 1523 1346 1558 ιο

307 1611 435 1669 cacionis
453 1609 557 1681 divine,
573 1619 601 1668 et
623 1628 690 1686 sepe
712 1619 821 1669 temere
840 1610 946 1668 falsum
968 1610 1043 1668 dicit.
1083 1610 1122 1668 Et
1139 1611 1179 1668 ita
1192 1610 1305 1668 videtur

304 1717 401 1774 omnis
433 1716 670 1775 excomunicacio
705 1715 833 1774 humana
870 1712 969 1796 [nihil]
1005 1717 1060 1774 nisi
1095 1715 1305 1775 denuncciacio

307 1822 592 1881 excomunicacionis
614 1822 717 1880 divine.
759 1823 798 1880 Et
819 1822 858 1880 ita
879 1832 946 1880 sunt
967 1822 1075 1897 gradus
1096 1821 1304 1880 excomunica·

305 1929 423 1987 cionum
439 1926 454 1958 *
471 1927 632 1986 secundum
650 1927 757 2003 gradus
771 1928 1046 1987 inobedienciarum.
1089 1927 1162 1988 Ideo
1183 1945 1303 1987 necesse
1311 1935 1413 1985 nollet

303 2044 346 2092 est
361 2051 539 2110 cognoscere
551 2034 702 2092 materiam
716 2033 886 2092 obediencie
894 2031 912 2092 ¹.
1314 2038 1341 2088 15

95 2155 249 2196 nstoexeom-
345 2139 484 2216 liquoad
507 2137 571 2197 2³1²
585 2149 728 2216 punctum
754 2139 855 2198 dicitur
875 2139 965 2210 Quod
986 2139 1166 2198 contrarians
1187 2139 1336 2244 ordina-E

96 2204 224 2246 munication
239 2204 271 2245 for

95 2254 245 2346 pffidffi
253 2261 276 2295 to
305 2243 384 2304 cioni
398 2246 534 2317 humane,
549 2263 618 2304 cum
635 2245 670 2304 sit
694 2244 847 2302 racionalis
870 2255 898 2303 et
921 2245 1025 2304 debeat
1047 2245 1123 2303 sibi³
1137 2263 1202 2304 esse
1225 2253 1304 2316 nota,
1338 2231 1343 2244 ⁸

93 2353 272 2446 3353033022,
307 2369 367 2411 non
389 2362 433 2410 est
455 2370 491 2410 eo
510 2351 760 2410 excomunicacior
783 2360 852 2425 aput
875 2350 971 2422 deum,
992 2351 1044 2410 sed
1066 2351 1305 2410 excomunicatus

94 2454 270 2545 ffluffiffi
305 2457 378 2516 foret
401 2457 656 2528 contraveniendo
671 2456 738 2515 licet
761 2475 848 2515 nemo
869 2456 938 2515 citra
960 2456 1088 2516 Cristum
1110 2456 1205 2515 taliter
1228 2457 1306 2517 ordi-

94 2553 131 2596 ὼ
160 2554 166 2564 ’
191 2554 278 2596 ⁰¹⁶⁰d·
305 2573 410 2623 nasset.
452 2562 540 2621 Unde
554 2563 666 2621 videtur
680 2563 760 2639 quod
775 2562 870 2621 solum
887 2563 1008 2621 obedire
1029 2563 1114 2621 debet
1136 2562 1305 2621 affirmative
1313 2579 1342 2614 20

306 2669 450 2727 mandatis
464 2669 600 2745 prepositi
615 2669 650 2726 de
666 2679 777 2744 quanto
798 2669 919 2745 precipit
934 2668 1113 2727 voluntatem
1128 2668 1183 2727 dei.
1227 2667 1306 2727 Nam

306 2776 363 2834 deo
391 2776 477 2834 debet
504 2775 635 2851 precise*
663 2774 772 2832 obediri
800 2774 839 2832 ad
867 2783 988 2833 tantum.
1045 2773 1207 2847 Quomodo
1236 2793 1307 2850 ergo

309 2881 476 2940 obediretur
490 2880 602 2938 homini
617 2880 785 2957 plusquam
800 2879 885 2939 Deo?
928 2878 1133 2939 Obediendum
1152 2888 1196 2938 est
1210 2880 1307 2956 itaque

305 2986 420 3046 homini
448 2987 591 3062 negative,
616 2995 644 3044 et
669 2987 708 3045 ita
736 2987 898 3044 secundum
924 2987 1012 3045 aliam
1038 2988 1189 3046 racionem
1217 3005 1307 3062 quam

308 3092 473 3151 obediretur
497 3091 653 3150 inmediate
678 3092 744 3152 deo.
786 3091 857 3151 Non
882 3101 980 3151 tamen
1004 3091 1191 3167 multiplicius
1217 3101 1341 3168 quam²5

309 3198 375 3271 deo,
407 3216 474 3256 cum
504 3198 601 3256 omnis
628 3198 798 3257 obediencia
826 3198 912 3256 debet
940 3197 1036 3257 referri
1064 3198 1101 3257 ad
1129 3198 1228 3270 deum,
1254 3216 1307 3258 nec

306 3322 448 3381 umquam
482 3305 569 3363 debet
603 3304 741 3363 obedire⁶
776 3304 888 3362 homini
922 3305 1061 3381 negative,
1096 3304 1152 3362 nisi
1186 3305 1307 3380 quando

307 3411 496 3486 cognoscitur
523 3410 603 3486 quod
638 3410 710 3469 deus
737 3409 786 3470 wlt
814 3410 982 3487 oppositum
1010 3410 1140 3468 mandati
1171 3409 1307 3470 hominis.

305 3516 394 3575 Tunc
410 3518 489 3576 enim
503 3516 691 3593 cognoscitur
712 3516 793 3592 quod
813 3514 891 3579 deus?
907 3516 1028 3575 mandat
1041 3517 1072 3574 in
1086 3535 1122 3575 eo
1137 3519 1307 3593 oppositum

306 3632 335 3681 et
353 3640 421 3681 cum
435 3640 527 3681 unum
542 3623 744 3698 oppositorum
759 3622 827 3681 dicit
847 3622 991 3698 reliquum
1006 3622 1067 3698 ipse
1082 3621 1151 3680 dicit
1168 3623 1306 3682 indirecte
1313 3626 1341 3677 30

306 3729 385 3804 quod
407 3739 541 3805 pareatur
561 3729 591 3786 in
612 3729 674 3787 eius
696 3729 840 3805 opposito,
862 3739 890 3787 et
910 3729 951 3787 sic
971 3747 1032 3787 non
1052 3737 1094 3786 est
1108 3728 1307 3788 obediendum

308 3833 422 3892 homini
456 3844 556 3893 contra
584 3834 763 3893 voluntatem
796 3833 851 3892 dei.
894 3828 984 3906 Quod
1012 3833 1035 3892 si
1064 3833 1169 3892 debeat
1197 3835 1307 3894 obediri

96 3953 155 3994 now
164 3951 215 3993 then
224 3965 261 3993 are
308 3948 423 4016 oportet
444 3941 524 4016 quod
539 3939 611 3997 deus
625 3939 692 3997 velit
706 3950 737 3998 ut
752 3939 793 3998 sic
807 3939 967 3998 obediatur.
1008 3938 1047 3996 Et
1061 3939 1085 3998 si
1099 3940 1230 4015 queritur
1240 3938 1308 4016 quid

94 4002 264 4094 fflnmfflldlt
307 4045 382 4104 valet
405 4055 576 4122 preceptum
603 4044 730 4104 hominis
752 4044 797 4103 vel
821 4045 993 4104 obediencia
1016 4044 1071 4103 sibi
1094 4044 1180 4116 sacta,
1207 4047 1308 4105 dicitur

339 4186 396 4236 ¹de
408 4187 561 4247 obediencia,
574 4187 603 4235 in
615 4201 693 4250 marg.
706 4199 733 4235 A.
811 4185 918 4248 ²3⁰¹,n
996 4186 1074 4236 ⁸esse
1084 4186 1140 4244 sibi,
1152 4186 1204 4236 ord.
1217 4187 1269 4238 inu.
1282 4199 1305 4236 Β.

305 4262 405 4326 ⁴pe‚u.
472 4264 645 4325 ⁵obedire,n.
