2932 5046
552 431 603 483 DE
626 432 774 485 OFFICIO
797 430 915 484 REGIS.

229 587 416 663 donaverant,
427 607 482 649 nec
497 590 616 667 recipiat
629 600 657 649 et
672 590 833 667 specialiter
847 590 877 647 in
892 589 1009 666 gwerris
1024 588 1125 647 talium
1136 587 1227 647 comi-

130 733 137 748 ·
228 695 324 767 tivam,
340 695 393 755 sed
408 695 422 727 *
438 695 542 755 habeat
556 714 621 754 vere
642 696 808 755 sacerdotes
825 694 863 754 ad
877 713 982 773 pacem
998 702 1027 753 et
1041 694 1230 754 concordiam

228 800 411 861 consulentes
419 820 428 874 ;
449 801 516 878 quia
527 801 599 864 dum
612 801 733 860 ecclesia
748 801 859 860 ducitur
873 820 926 878 per
939 801 1101 860 voluntates
1115 809 1228 859 tantum

228 907 398 985 temporalia
412 908 558 984 sapientes
576 925 696 969 necesse
715 917 759 968 est
775 907 850 966 inter
867 918 963 984 partes
978 907 1039 966 eius
1053 905 1229 965 discordiam

205 1020 258 1072 tet
279 1013 387 1073 multos
412 1013 469 1073 late
492 1013 670 1072 descendere
695 1012 733 1071 ad
755 1013 909 1072 infernum.
953 1012 1043 1072 Sexto
1065 1008 1430 1102 consulereifflsffssffig„

228 1118 310 1196 quod
334 1137 396 1177 non
422 1119 554 1178 credatur
581 1120 642 1179 istis
670 1119 859 1196 pseudocristi
887 1119 1011 1194 arguciis
1038 1116 1118 1195 quod
1145 1110 1439 1202 liceatssffitafgffissivsu,

228 1225 270 1283 eis
287 1224 395 1284 bellare
409 1241 446 1284 ex
461 1225 518 1285 hoc
538 1225 619 1303 quod
638 1224 709 1285 illud
728 1225 794 1284 licet
812 1225 843 1283 in
859 1224 958 1285 laicis:
980 1224 1050 1301 quia
1070 1224 1111 1282 sic
1130 1223 1229 1283 liceret
1237 1210 1414 1303 ἱξζζξξξξξξξγω

228 1332 270 1392 eis
297 1332 377 1390 abuti
405 1333 545 1392 uxoribus
572 1333 722 1406 laicorum,
747 1350 832 1409 super
859 1348 964 1390 omnes
991 1331 1082 1390 laicos
1110 1330 1230 1388 civiliter
1238 1310 1382 1363 Mem·

229 1436 373 1497 dominari
400 1448 429 1498 et
456 1439 617 1516 cuicunque
645 1438 726 1516 operi
750 1439 794 1498 vel
819 1437 872 1497 arti
894 1436 1064 1496 mechanice
1087 1447 1229 1514 tanquam

192 1565 222 1602 ιο
230 1543 350 1603 seculari
368 1544 529 1604 intendere.
572 1543 630 1603 Sed
650 1562 718 1603 cum
733 1554 800 1603 sunt
814 1543 931 1603 oculus¹
946 1543 1077 1620 corporis
1098 1541 1229 1613 ecclesie,

227 1649 327 1708 anima
340 1649 435 1726 ipsam
449 1649 599 1709 vivificans
613 1659 642 1708 et
656 1648 738 1708 stella
754 1649 867 1709 celestis
882 1649 974 1726 ipsam
985 1647 1110 1720 radians,
1122 1649 1230 1708 debent

228 1755 260 1813 iu
281 1755 420 1814 limitibus
436 1773 489 1816 suo
508 1755 594 1815 officii
616 1773 647 1814 se
664 1773 785 1827 servare,
800 1754 868 1832 quia
885 1753 965 1813 aliter
979 1772 1040 1814 non
1054 1735 1230 1831 “superarent

229 1863 360 1921 subditos
371 1861 518 1938 dignitate.
561 1861 636 1933 Quis
647 1861 726 1920 enim
739 1861 837 1920 credet
850 1860 1045 1938 preconisanti
1059 1860 1230 1937 dignitatem

202 1987 208 2008 ·
228 1986 313 2028 suam
330 1969 360 2027 in
382 1968 436 2028 hiis
459 1987 516 2046 que
538 1968 651 2027 lucrum
670 1976 699 2026 et
718 1967 863 2026 mundum
882 1966 1030 2026 sonuerint
1052 1967 1102 2026 sed
1124 1968 1154 2024 in
1175 1967 1230 2026 hiis

189 2094 285 2153 ¹15que
300 2086 480 2135 concernunt
494 2075 676 2134 honestatem
692 2075 736 2133 sui
746 2075 833 2134 officii
842 2082 871 2133 et
879 2073 1098 2133 edificacionem
1108 2074 1229 2133 ecclesie

65 2191 95 2242 8.
227 2181 387 2241 secundum
404 2181 484 2258 leges
505 2181 581 2258 regis
601 2182 715 2259 pacifici
736 2181 931 2240 mutescentil
973 2180 1104 2256 Septimo
1125 2178 1441 2240 consu.(viirThatthelaity

1238 2240 1294 2272 must
1303 2245 1325 2272 re
1341 2231 1360 2272 el
1369 2232 1406 2273 the

227 2287 298 2348 leret
326 2287 447 2346 seculari
471 2305 573 2347 cavere
598 2287 634 2347 de
656 2287 776 2347 fallaciis
803 2287 940 2347 anticristi
969 2288 1076 2364 quibus
1104 2289 1229 2347 consulit
1237 2245 1438 2332 ²⁸⁸¹¹¹¹¹⁸¹it⁰fffl¹ffi

1238 2332 1303 2373 christ
1310 2333 1356 2373 that
1365 2332 1409 2373 ‘for
1421 2346 1433 2373 e

63 2409 370 2470 Pottalagwerrare
391 2412 444 2471 per
464 2394 520 2453 hoc
542 2394 623 2469 quod
644 2393 751 2452 licitum
773 2403 817 2452 est
833 2391 847 2423 *
863 2393 922 2451 vim
943 2394 970 2450 vi
991 2392 1137 2469 repellere,
1160 2347 1439 2483 cumffssloigeffpgffiffit

227 2500 318 2559 bestie
332 2507 361 2559 et
375 2500 533 2559 inanimata
547 2518 669 2578 corpora
682 2499 753 2557 illud
767 2509 866 2576 agunt.
909 2499 1027 2558 Debent
1040 2502 1118 2558 enim
1133 2501 1229 2577 primo
1236 2483 1405 2526 ‘⁰¹'⁶¹¹¹¹³¹²‘ed·

63 2621 139 2673 Mart.
150 2621 195 2671 xii.
227 2605 379 2667 intendere
408 2606 606 2666 imitacionem
637 2605 712 2682 regis
743 2605 856 2683 pacifici
891 2604 927 2664 de
959 2624 1019 2683 quo
1053 2605 1157 2666 Matth.
1192 2627 1227 2665 12

64 2689 182 2817 {1851
183 2751 218 2816 4)
228 2712 376 2773 scribitur:
397 2711 472 2771 Ecce
487 2724 559 2790 puer
572 2731 648 2772 meus
666 2714 764 2771 electus
779 2730 856 2787 quem
875 2713 952 2787 elegi,
967 2713 1081 2770 dilectus
1100 2732 1183 2786 meus,
1199 2716 1230 2772 in

227 2839 281 2897 quo
299 2819 362 2878 bene
380 2821 546 2897 complacuit
562 2821 654 2877 antiae
672 2837 734 2877 mee.
775 2817 887 2876 Ponam
902 2821 1032 2900 spiritam
1048 2838 1135 2878 meum
1149 2831 1232 2897 super

228 2943 298 2996 eum,
320 2932 347 2983 el
368 2926 504 2983 r'udr'cr'um
524 2925 654 3000 gentibus
675 2924 841 2983 nunccz’abit.
890 2923 959 2983 Non
981 2925 1124 2996 contendet,
1149 2945 1232 3001 neque

230 3030 370 3104 clamabit,
385 3048 467 3105 neque
480 3031 583 3106 olr’qm‘s
597 3031 693 3088 audiet
704 3033 734 3088 in
741 3031 844 3106 plateis
858 3048 946 3088 vocem
960 3032 1019 3088 eries
1027 3051 1042 3099 ,·
1064 3033 1230 3090 arundinem

190 3161 220 3212 ²5
230 3143 391 3212 quassatam
406 3154 461 3195 non
474 3137 641 3214 confringet,
663 3143 690 3194 et
703 3139 811 3213 legnum
819 3137 978 3215 fumigans
996 3157 1051 3196 non
1069 3142 1230 3215 extmgwet,

229 3244 311 3301 donec
324 3244 442 3302 miratur
454 3244 496 3300 ad
505 3244 650 3302 vr'ctom'am
665 3244 808 3302 radiatam.
848 3241 893 3301 Er
908 3246 939 3301 in
949 3247 1058 3302 nomine
1070 3246 1129 3303 ems
1138 3252 1231 3321 gentes

227 3349 384 3426 sperabunt.
425 3346 517 3427 (Ecce
544 3350 639 3426 primo
667 3348 820 3426 quomodo
841 3349 1053 3425 predestinatus
1075 3349 1132 3409 Dei
1153 3351 1342 3425 filiusuoresop

227 3456 333 3533 plenus
347 3454 445 3531 gracia
464 3454 613 3515 ordinatus
632 3465 676 3513 est
693 3473 793 3530 regere
812 3466 914 3531 gentes
936 3474 988 3515 suo
1007 3457 1114 3516 iudicio
1128 3417 1389 3515 exem-Mm'xn‘ffl'

228 3561 310 3639 plari.
353 3560 435 3620 Patet
456 3570 489 3618 2⁰
508 3560 659 3638 quomodo
679 3562 815 3638 quinque·
829 3562 1018 3622 condiciones
1036 3564 1230 3638 superborum

188 3667 428 3744 goresistencium
450 3685 511 3727 non
529 3667 584 3725 sibi
599 3667 751 3739 infuerant,
768 3687 835 3726 cum
850 3687 910 3726 non
925 3669 1075 3728 contendit
1088 3688 1142 3746 pro
1156 3679 1229 3727 tem-

229 3773 377 3851 poralibus
402 3792 457 3833 nec
483 3773 617 3832 clamavit
640 3791 694 3849 pro
719 3773 804 3833 illatis
827 3775 975 3849 molestiis,
998 3777 1104 3835 necin
1127 3775 1230 3853 plateis

228 3888 407 3956 conquestus
429 3889 474 3938 est
496 3879 532 3937 de
553 3880 612 3938 suis
633 3879 751 3952 iniuriis,
776 3881 887 3939 sedita
909 3883 1029 3958 paciens
1052 3892 1114 3940 erat
1141 3882 1230 3941 seculi

228 3985 407 4062 potentibus,
422 3985 474 4061 qui
494 3993 577 4043 erant
597 3986 710 4044 arundo
731 3997 866 4063 quassata
881 3997 968 4046 vento
989 3989 1133 4065 superbie,
1148 3988 1231 4065 quod

228 4090 316 4150 nichil
328 4109 448 4150 suorum
459 4091 496 4149 ab
508 4091 550 4148 eis
562 4091 747 4150 dominanter
760 4094 839 4169 petiit
848 4091 866 4166 ²,
880 4104 908 4152 et
917 4113 977 4171 quo
992 4095 1029 4152 ad
1045 4094 1189 4170 simplices
1199 4095 1229 4153 in

188 4198 336 4275 asquinus
349 4197 401 4255 fuit
416 4197 541 4257 scintilla
555 4198 730 4269 devocionis,
746 4208 778 4257 ut
799 4199 910 4277 lignum
930 4201 1076 4278 fumigans
1097 4220 1157 4260 non
1178 4221 1230 4260 ex-

294 4313 304 4345 ¹
322 4313 377 4363 olus
388 4315 582 4378 proconisso.
682 4316 692 4344 ²
708 4316 781 4380 petiit
792 4333 854 4366 corr.
868 4318 932 4368 Edd.
941 4325 989 4381 pro
998 4320 1087 4382 peccit‚
1099 4332 1125 4377 n,
1139 4331 1162 4367 Β.
