2828 5048
92 448 155 512 260
616 458 664 506 uu
689 457 836 508 orrrcro
861 456 975 506 naurs.

87 626 161 728 iffi}
170 626 290 728 glyngpgibe
300 616 395 675 lorum
418 616 453 674 de
477 616 678 692 corporalibus
706 615 871 674 elemosinis
894 612 1074 685 secularium,
1100 628 1174 690 quos
1199 611 1254 688 ipsi
1279 629 1296 670 e

86 728 198 770 malmes-
298 733 400 783 contra
425 723 619 799 spiritualibus
644 722 809 782 elemosinis
828 730 983 798 procurent
992 720 1009 779 ¹.
1047 719 1123 778 Cum
1138 737 1207 794 ergo
1223 718 1298 776 ordo

298 829 409 887 domini
434 829 574 888 diabolice
596 846 747 905 perversus
772 828 863 898 fuerit,
887 845 947 885 non
973 827 1078 882 mirum
1099 825 1123 882 si
1144 824 1298 893 seculares

298 947 357 994 tarn
378 935 572 1010 multipliciter
596 934 716 1004 seducti,
740 935 901 993 inordinate
922 932 1181 1008 circumpalpitant‚
1203 939 1233 988 et
1253 931 1298 987 in-

298 1043 418 1101 ducatur
432 1042 461 1099 in
475 1050 538 1100 toto
552 1060 674 1118 corpore
689 1041 812 1100 ecclesie
825 1041 968 1099 discrasia.
1005 1038 1064 1097 Ubi
1079 1039 1158 1096 enirn
1173 1054 1296 1112 regnum
1308 1067 1322 1116 5

298 1149 365 1208 cleri
390 1167 452 1208 non
477 1148 551 1206 foret
579 1149 615 1207 de
644 1148 701 1207 hoc
727 1148 838 1206 mundo
866 1147 1031 1223 cuicunque
1059 1144 1136 1204 civili
1164 1143 1298 1203 dominio

298 1267 527 1314 consentaneum
554 1255 644 1313 instar
672 1254 765 1325 Cristi,
787 1264 830 1312 est
856 1272 872 1311 e
900 1262 1003 1312 contra
1030 1252 1067 1311 dc
1095 1251 1151 1310 hoc
1186 1249 1299 1308 mundo

297 1360 657 1438 profundissime‚d1rrecte
663 1361 839 1418 contrarium
852 1360 989 1418 dominiis
1001 1359 1172 1417 secularium
1182 1357 1300 1415 domin-

87 1480 135 1522 rse
144 1481 216 1532 crergy
225 1494 271 1531 per·
300 1486 393 1526 orum.
436 1466 495 1524 Ubi
510 1466 603 1525 eciam
617 1464 710 1525 foret²
724 1466 792 1525 cleri
807 1466 900 1526 maior
914 1465 1086 1525 obediencia
1101 1464 1139 1523 ad
1152 1463 1299 1522 seculares

85 1541 131 1572 vert
142 1531 184 1572 this
197 1533 259 1572 order

88 1583 113 1673 gs
108 1579 291 1682 aiffllffilssr‘ssf
300 1574 435 1633 dominos
463 1591 551 1650 quam
575 1593 591 1631 e
620 1583 721 1631 contra
749 1583 958 1650 pervertuntur,
983 1582 1141 1631 statuentes
1169 1571 1299 1648 porisma
1310 1594 1340 1629 10

298 1680 406 1739 luciferi
421 1680 502 1756 quod
516 1698 553 1737 ex
568 1680 767 1756 magnitudine
789 1698 840 1739 sue
861 1680 1038 1738 auctoritatis
1060 1687 1148 1755 atque
1162 1678 1300 1754 potencie

297 1787 367 1844 nulli
389 1785 507 1845 obedire
533 1787 667 1856 debeant,
690 1797 721 1846 ut
742 1786 861 1845 domini.
904 1785 963 1844 Ubi
986 1786 1080 1844 eciam
1103 1786 1300 1844 ministrarent

298 1893 442 1951 humiliter
469 1894 550 1951 omni
578 1911 684 1969 genere
712 1893 828 1964 servicii,
853 1900 882 1950 et
908 1891 1066 1969 specialiter
1090 1892 1119 1949 in
1148 1891 1301 1950 fructuoso

299 2000 409 2058 semine
437 2000 517 2057 verbi
545 1999 600 2072 dei,
630 1999 730 2058 dicunt
758 2000 903 2076 implicite,
934 1999 1014 2076 quod
1048 1997 1178 2074 dignitati
1207 2006 1301 2056 status

299 2124 401 2165 eorum
428 2117 456 2166 et
484 2107 578 2182 gestui
607 2107 841 2165 conversacionis
876 2105 1030 2182 magnifice
1059 2104 1220 2181 repugnat³
1249 2120 1341 2170 eosr5

299 2225 458 2289 occupatos
480 2215 557 2272 circa
579 2213 647 2271 talia
667 2214 759 2271 taliter
780 2213 950 2272 ministrare.
993 2212 1117 2289 Oportet
1137 2230 1210 2287 ergo
1239 2223 1301 2271 tam
1310 2226 1345 2274 v.

88 2338 243 2443 T'ffi'ffi
242 2337 293 2431 ”ffb
302 2321 445 2379 contraria
459 2321 489 2378 in
505 2321 659 2379 visceribus
680 2330 739 2377 tarn
761 2338 848 2396 parve
870 2320 990 2378 ecclesie
1012 2337 1181 2394 repugnare,
1196 2327 1225 2376 et
1240 2328 1302 2376 tam

90 2407 103 2433 fl
129 2407 138 2432 r

88 2441 290 2533 {ffelffi'gffih
301 2427 444 2485 contraria
455 2437 514 2485 tam
530 2445 592 2485 sese
607 2443 697 2501 quarn
712 2427 881 2484 altrinsecus
893 2427 1029 2502 sacrilege
1042 2426 1176 2502 spoliare.
1198 2424 1302 2483 Theo-

88 2543 143 2585 trom
152 2542 204 2584 such
213 2541 273 2583 evib-
300 2533 384 2608 logus
398 2550 468 2609 ergo
482 2534 512 2590 in
527 2551 587 2609 quo
598 2533 671 2591 foret
682 2532 775 2591 filialis
786 2533 873 2590 timor
884 2532 994 2590 domini
1011 2531 1156 2608 detegeret
1167 2532 1301 2590 animose

300 2657 417 2697 causam
439 2639 524 2697 huius
544 2640 757 2715 persecucionis
778 2648 807 2697 et
833 2638 1027 2697 tribulacionis
1054 2639 1154 2696 matris
1179 2639 1302 2696 ecclesie
1313 2665 1344 2699 ιο

300 2765 337 2805 ne
348 2746 455 2805 incidat
464 2747 494 2803 in
509 2746 771 2822 prevaricacionem
787 2746 891 2822 primi⁴
906 2746 1035 2804 mandati
1049 2744 1176 2804 secunde
1193 2745 1301 2804 tabule.

301 2851 376 2910 Cum
399 2853 478 2909 enirn
499 2852 635 2910 dominus
657 2852 844 2910 dominorum
865 2862 925 2910 tarn
951 2871 1017 2910 care
1043 2852 1134 2927 diligit
1159 2869 1302 2927 sponsam

89 2978 170 3071 {12¹ssss
172 2977 219 3070 {atr}
228 2978 275 3069 {lit
301 2975 382 3015 suam
407 2958 569 3028 ecclesiam,
593 2969 672 3035 patet
696 2958 777 3034 quod
800 2976 862 3017 non
887 2958 1032 3017 efficacius
1047 2957 1255 3037 ¹{acquireretur
1284 2977 1386 3031 asab.

89 3079 200 3180 ἓξὲξ
209 3079 251 3169 gisa
300 3062 432 3121 fidelibus
441 3082 523 3122 amor
535 3065 642 3139 sponsi.
689 3064 760 3123 Etsi
772 3065 883 3123 dicatur
897 3065 977 3140 quod
991 3084 1073 3124 amor
1088 3076 1187 3124 sancte
1201 3066 1304 3124 matris

90 3182 249 3271 {flamm
300 3170 420 3228 ecclesie
435 3181 489 3229 stat
508 3173 537 3228 in
558 3173 747 3230 sanctorum⁶
766 3172 921 3231 dotacione
943 3173 992 3232 et⁶
1008 3173 1128 3232 seculari
1150 3172 1344 3249 privilege-25

89 3282 150 3341 {erla
160 3281 206 3321 that
215 3280 252 3320 rue
300 3277 392 3347 cione,
421 3278 503 3337 sicud
534 3279 615 3355 pueri
647 3279 803 3346 effeminati
830 3279 898 3337 cleri
926 3279 1065 3356 prepositi
1092 3290 1302 3352 contestantur,

90 3332 204 3391 Judgment
214 3331 239 3372 οἰ
244 3343 285 3371 one

88 3382 283 3473 ffisadlgeitsffisso
300 3383 401 3442 dicitur
412 3385 493 3460 quod
509 3384 672 3443 febricitans
687 3403 747 3444 non
762 3395 805 3444 est
816 3387 911 3443 bonus
923 3386 1010 3445 iudex
1025 3386 1056 3443 in
1070 3386 1218 3444 scibilibus
1231 3405 1305 3445 con-

90 3482 233 3523 b⁶s⁰¹¹⁰w‘d·
301 3491 485 3548 cernentibus
505 3491 732 3566 congruenciam
753 3492 796 3551 sui
814 3492 970 3567 regiminis
987 3493 1038 3550 sed
1054 3502 1169 3569 oportet
1184 3493 1306 3552 credere

90 3603 276 3696 {vfflffiffiss
301 3597 396 3657 verbis
411 3607 439 3656 et
453 3597 510 3655 vite
524 3597 555 3654 in
570 3597 665 3657 Cristo
680 3608 708 3656 et
723 3599 782 3657 suis
797 3599 947 3676 apostolis,
963 3617 1038 3676 quos
1052 3607 1167 3676 oportet
1185 3601 1305 3660 credere

91 3705 199 3756 Apostles.
301 3703 389 3762 luisse
410 3702 486 3762 viros
509 3703 685 3775 sanissimos
700 3705 849 3780 re*gimen
871 3706 966 3764 tocius
987 3706 1107 3765 ecclesie
1128 3726 1165 3764 ex
1187 3723 1412 3771 summauomt

301 3811 447 3889 sapiencia
457 3811 634 3870 ordinantes.
675 3812 714 3870 Et
723 3813 803 3871 iuxta
813 3813 888 3872 hanc
900 3814 988 3872 fidem
1000 3815 1049 3872 filii
1064 3815 1109 3874 dei
1124 3826 1240 3890 oportet
1255 3815 1304 3874 dei

301 3919 448 3977 adiutores
467 3935 539 3988 esse,
556 3918 684 3977 securius
703 3930 864 3994 operantes.
912 3919 1053 3990 Quamvis
1067 3921 1147 3978 enim
1161 3921 1305 3982 debemus

300 4023 435 4082 inimicos
446 4023 573 4099 diligere,
582 4025 674 4083 eciam
688 4027 820 4084 membra
835 4025 951 4099 diaboli,
962 4036 1061 4085 tamen
1075 4027 1144 4086 illud
1159 4026 1306 4089 debemus

302 4137 469 4187 constanter
483 4130 589 4206 exequi
604 4139 721 4207 propter
735 4149 865 4190 amorem
880 4131 967 4190 Cristi
980 4142 1008 4190 et
1026 4151 1078 4192 sue
1092 4133 1222 4192 ecclesie.

336 4266 563 4332 ¹procurerent,ss.
625 4266 718 4318 ²fieret
729 4268 859 4333 proforet,
872 4281 895 4319 Β.
965 4269 1187 4336 ³repugnat0s‚s.
1238 4273 1307 4340 ⁴pa·

304 4343 377 4402 trimi,
391 4356 417 4393 s.
497 4344 506 4372 ⁶
523 4350 656 4394 stercorum
672 4352 718 4410 pro
729 4352 878 4408 sanctorum,
891 4359 914 4398 Β.
992 4351 1002 4379 ⁰
1017 4351 1043 4398 in
1054 4355 1104 4413 pro
1115 4356 1146 4411 et,
1160 4363 1186 4400 s.
