2828 5048
50 385 112 451 280
559 401 610 451 nr
634 400 780 452 orrrcro
804 401 923 454 naurs.

47 576 238 670 fflffifssfie
257 557 340 616 valde
354 558 439 617 alieni
452 559 491 617 ab
501 559 598 618 officio
612 559 779 629 sacerdotis
793 569 821 619 et
836 561 877 618 sic
891 559 922 618 in
936 577 990 619 suo
1004 559 1102 618 officio
1118 569 1146 618 et
1160 559 1191 617 in
1203 574 1260 618 suo

48 678 190 769 mm
256 666 425 736 ministerio,
434 678 574 743 tanquam
582 665 962 738 excomunicatiadomino,
973 677 1081 725 nocent
1090 667 1144 725 sibi
1153 666 1267 742 ipsiset

48 743 248 871 pggemmrseffisope
257 771 376 848 populu,
387 773 455 847 quia
465 772 587 830 Ieremie
601 770 693 829 xlviii0
702 771 875 831 Maledictus
885 774 1018 849 quisacil
1025 783 1093 848 opus
1103 772 1259 850 Dcisrau-
1269 776 1322 841 Jer.
1332 775 1403 827 xlviit

48 887 71 919 ar
80 879 115 921 ut
258 879 390 949 dulenlen
405 876 456 936 sed
470 878 564 954 magis
578 877 748 937 maledictus
764 889 808 938 est
825 877 872 937 ille
891 896 909 937 a
929 877 1050 938 domino
1071 880 1121 956 qui
1135 879 1260 938 omuino
1273 857 1314 895 ¹⁰⁰

258 1002 333 1060 opus
350 983 460 1042 domini
474 983 664 1059 pretermittit.
706 983 932 1043 Consideremus
947 983 1042 1059 itaque
1058 983 1138 1060 quod
1148 981 1259 1042 Cristus
1268 1008 1287 1058 5

258 1090 311 1148 luit
321 1091 350 1148 in
360 1100 421 1147 tota
430 1089 487 1148 vita
500 1089 554 1148 ista
562 1087 652 1149 homo
662 1089 857 1165 pauperimus,
869 1089 899 1146 in
911 1099 971 1148 tota
980 1090 1199 1150 ministracione
1208 1108 1261 1148 sua

258 1197 426 1255 humilimus
441 1206 469 1254 et
483 1196 513 1253 in
523 1205 583 1254 tota
593 1193 709 1254 iniuria¹
719 1213 772 1255 sua
782 1196 1031 1273 pacientissimus;
1053 1196 1154 1255 omnia
1163 1207 1261 1255 autem

259 1305 314 1363 ista
328 1303 433 1363 subivit
447 1302 575 1360 liberime
590 1311 621 1359 ut
635 1319 688 1378 per
701 1300 811 1360 clerum
827 1319 911 1360 suum
925 1311 1067 1379 tanquam
1080 1303 1261 1378 peculiarem

259 1421 345 1487 atque
360 1409 552 1469 domesticum
567 1406 717 1466 reduceret
731 1407 769 1466 ad
789 1408 938 1484 quandam
952 1409 1151 1468 imitacionem
1165 1427 1261 1486 popu-

261 1516 321 1574 lum
333 1515 500 1575 secularem.
523 1513 581 1572 Sed
592 1513 656 1590 quis
668 1512 749 1590 plus⁸
760 1512 817 1572 sitit
827 1515 996 1591 temporalia
1007 1533 1096 1593 quam
1108 1516 1261 1575 sacerdos?
1273 1536 1307 1576 ιο.

260 1622 336 1695 Quis
349 1621 481 1680 vendicat
495 1620 697 1679 dominancius
711 1620 883 1679 ministrari?
925 1619 981 1679 Vel
992 1622 1056 1698 quis
1067 1618 1264 1698 impetuosius

260 1728 420 1805 insequitur
441 1746 495 1804 pro
515 1745 568 1785 sua
588 1726 691 1784 iniuria
709 1726 902 1786 vindicanda?
944 1725 992 1786 Sic
1012 1727 1094 1803 quod
1114 1728 1169 1787 alie
1191 1746 1263 1787 aves

260 1855 278 1895 a
292 1834 364 1894 rethi
384 1832 504 1893 ecclesie
518 1850 570 1908 per
588 1831 675 1891 Cristi
695 1831 871 1892 domesticos
884 1841 1001 1891 cecatos
1014 1833 1130 1909 pulvere
1144 1843 1264 1910 tempo·

260 1941 362 1999 ralium
376 1940 563 1998 deterrentur.
605 1938 681 2010 Quis
699 1938 785 2014 igitur
804 1956 865 1998 non
886 1937 1043 1997 offenditur
1062 1939 1143 2014 quod
1163 1948 1266 1998 tantus

260 2047 343 2106 labor
362 2055 423 2105 tam
441 2046 536 2122 gravis
557 2062 681 2121 persone
700 2053 761 2102 tam
774 2043 931 2119 proditorie
946 2042 1121 2104 inten*ditur
1134 2043 1266 2105 frustrari
1276 2052 1312 2104 57
1326 2054 1357 2101 b.
1384 2066 1388 2070 ·

259 2172 311 2231 per
331 2170 428 2211 mores
450 2151 487 2211 a³
508 2150 603 2210 Cristo
628 2150 796 2220 contrarios,
811 2149 842 2208 in
862 2158 976 2208 tantum
997 2151 1078 2228 quod
1099 2151 1269 2227 superiores

261 2259 424 2319 sacerdotes
451 2267 607 2334 gravantur
634 2267 662 2316 et
691 2256 845 2332 reputant⁴
873 2256 996 2316 omnino
1024 2256 1204 2332 superfluum
1232 2269 1269 2318 ut
1361 2328 1364 2331 ,

261 2367 373 2425 discant
394 2364 438 2424 vel
459 2364 585 2434 audiant,
605 2371 635 2422 et
652 2361 744 2421 multo
765 2361 860 2438 magis
876 2371 907 2420 ut
925 2361 1083 2438 predicent,
1099 2362 1195 2439 legem
1216 2363 1270 2422 dei

262 2472 357 2543 Cristi,
372 2471 424 2531 sed
438 2488 492 2548 pro
506 2470 580 2529 fastu
595 2469 692 2541 seculi,
707 2468 828 2539 honore,
839 2467 949 2540 mundi,
965 2468 1095 2527 fomento
1116 2479 1269 2546 tempora-

262 2581 332 2638 lium
343 2577 560 2656 diligentissime
571 2575 705 2635 laborant
719 2583 747 2634 et
761 2574 885 2634 zelantes
896 2592 949 2651 pro
960 2574 1023 2650 lege
1033 2573 1118 2634 Cristi
1132 2572 1268 2635 nituntur
1281 2595 1315 2630 πο

262 2687 438 2762 extinguere
449 2686 461 2744 l

53 2810 173 2858 Summarv·
305 2793 343 2852 Et
368 2803 447 2871 patet
470 2792 550 2871 quod
573 2792 602 2849 in
627 2800 689 2852 toto
713 2792 768 2851 isto
790 2800 911 2851 tractatu
934 2792 964 2849 in
988 2809 1092 2868 grosso
1115 2791 1269 2850 senserim.

53 2908 242 3012 gptcciffirlpphgnd
264 2899 351 2972 Tota,
366 2900 494 2977 inquam,
509 2897 650 2957 distencio
669 2907 756 2975 atque
775 2897 902 2957 intencio
923 2907 979 2956 stat
992 2899 1023 2957 in
1037 2898 1145 2958 tribus:
1167 2899 1270 2975 primo

156 3023 169 3050 0

53 3010 155 3104 mg}
168 3008 243 3100 ἔξωθε
264 3005 344 3082 quod
361 3005 463 3075 clerus,
483 3016 512 3062 et
534 3003 693 3080 specialiter
711 3012 798 3079 caput
823 3003 899 3074 cleri,
924 3003 1010 3063 debet
1033 3022 1097 3064 esse
1120 2998 1269 3080 humilior,

53 3113 230 3218 msam,
264 3099 441 3171 servitivi0r⁶
462 3120 548 3186 atque
569 3109 732 3186 pauperior.
774 3108 844 3180 Quo
864 3119 968 3169 contra
988 3109 1145 3170 adversans
1164 3113 1270 3172 asserit
1281 3123 1315 3175 25

265 3218 345 3297 quod
359 3217 451 3277 clerus
466 3227 495 3276 et
509 3216 670 3293 specialiter
684 3234 762 3292 papa
777 3215 863 3275 debet
882 3234 946 3275 esse
960 3216 1072 3277 mundo
1087 3217 1269 3294 splendidior

55 3331 219 3381 2.'rheclergy
264 3325 458 3404 imperativior
486 3333 515 3382 et
543 3322 753 3382 dominativior.
807 3315 945 3382 Secundo
976 3323 1045 3382 dicit
1071 3323 1269 3400 phalsigrasus
1280 3333 1320 3380 Y.

55 3382 235 3474 ilffledesffie
265 3432 345 3512 quod
364 3431 457 3492 clerus
477 3432 565 3490 debet
584 3430 711 3488 maxime
729 3429 888 3506 capitaliter
904 3426 918 3459 *
935 3439 1022 3507 atque
1036 3430 1153 3489 civiliter
1166 3449 1270 3508 regere
1281 3440 1405 3488 Forma

54 3484 127 3577 3133
136 3483 210 3526 omns
267 3540 380 3598 sinistra
399 3539 478 3597 bona
492 3537 623 3607 ecclesie,
643 3545 672 3594 et
691 3535 732 3594 sic
748 3535 945 3594 auctoritative
966 3545 994 3594 et
1013 3535 1135 3596 sollicite
1155 3537 1191 3596 de
1212 3537 1271 3596 illis

266 3645 384 3704 civiliter
393 3644 531 3714 iudicare,
541 3653 570 3702 et
581 3642 618 3700 ad
628 3641 685 3700 hoc
696 3641 786 3700 habet
795 3640 875 3699 dux⁶
889 3660 941 3700 sue
956 3660 973 3700 a
985 3641 1081 3702 Cristo
1089 3642 1267 3702 ineffabilem
1281 3657 1314 3706 30

266 3761 447 3826 potestatem.
491 3749 547 3808 Sed
562 3749 683 3808 omnino
697 3768 713 3807 e
728 3748 914 3808 contradicit
928 3749 1078 3822 veridicuS,
1095 3749 1174 3825 quod
1188 3759 1270 3810 totus

266 3859 368 3931 clerus,
391 3867 419 3916 et
443 3855 602 3935 specialiter
629 3873 713 3931 papa,
735 3855 822 3914 debet
848 3855 927 3914 iuxta
951 3874 1061 3914 nomen
1089 3874 1175 3915 suum
1203 3874 1269 3916 esse

267 3965 394 4024 maxime
409 3963 562 4039 elongatus
577 3980 594 4019 a
608 3960 720 4019 mundo
733 3971 761 4020 et
776 3962 838 4020 eius
847 3962 942 4021 causis
956 3973 1042 4039 atque
1051 3962 1200 4039 regimine,
1213 3981 1268 4022 nec

300 4137 307 4163 ¹
327 4135 416 4197 injuria
427 4150 480 4196 sua,
492 4134 544 4184 ord.
557 4134 609 4183 inv.
623 4145 646 4182 Β.
713 4133 722 4161 ²
734 4133 789 4195 quis
800 4133 865 4195 plus,
878 4134 928 4182 ord.
942 4134 993 4183 inv.
1007 4145 1032 4183 Α.
1100 4133 1109 4162 ³
1121 4140 1178 4197 post
1188 4149 1272 4184 mores

269 4215 325 4264 add.
338 4231 362 4273 a,
374 4227 399 4262 Α.
507 4211 516 4242 ⁴
534 4217 679 4276 reputantur
693 4218 742 4274 pro
759 4217 879 4274 reputant,
894 4223 920 4260 Α.
1020 4213 1029 4242 ³
1046 4212 1089 4261 sed
1106 4210 1210 4261 vicinior
1222 4219 1272 4275 pro

268 4292 415 4353 servitivior,
429 4304 455 4341 Α.
522 4288 532 4319 ⁶
549 4291 606 4351 dux,
619 4305 664 4339 θυι.
677 4302 704 4338 Α.
