2828 5048
619 417 670 468 DE
692 417 841 470 OFFICIO
864 417 983 468 REGIS.

298 577 507 648 auctoritatem,
533 587 562 634 et
588 596 606 635 a
628 575 725 635 multis
745 585 863 653 propter
885 594 988 636 eorum
1009 575 1243 652 imprudenciam
1257 576 1301 635 vel

299 683 471 743 abusionem
485 691 601 741 revocat
613 691 797 758 potestatem.

88 802 268 896 qupdffifflu
343 789 402 848 Sed
415 789 527 848 videtur
541 788 635 848 adhue
652 788 733 864 quod
751 798 879 865 potestas
894 800 922 847 et
936 799 1027 848 status
1048 789 1123 865 regis
1145 789 1181 848 sit
1203 789 1305 865 pocior
1312 805 1338 852 0.

90 905 214 997 licinii„
206 911 292 1014 ‘33⁸‘
301 897 369 974 quia
393 895 533 955 execucio
561 895 671 954 iusticie
700 913 750 954 sue
779 906 823 954 est
844 897 1000 956 extensior.
1042 896 1082 954 Et
1103 896 1241 956 Proverb.
1265 905 1370 955 21Prov.
1379 901 1412 950 ni.

90 1005 203 1108 ἕλξω
212 1005 278 1046 ”¹³⁸¹
301 1004 418 1063 dicitur:
433 1002 575 1061 Iudicium
584 1008 612 1059 et
622 1000 953 1080 mtterz'cordz'amsacere1
966 1004 1060 1080 magis
1062 1004 1160 1078 placet
1165 1005 1212 1061 deo
1220 1023 1304 1078 quam
1313 983 1333 1032 3‘

301 1111 417 1170 victime.
482 1109 521 1166 Et
555 1108 633 1166 idem
667 1118 747 1184 patet
782 1108 849 1167 lsai.
881 1120 913 1166 1⁰
924 1129 933 1182 ;
975 1119 1004 1168 et
1037 1109 1106 1168 hinc
1143 1107 1362 1168 secundumui·
1373 1115 1399 1166 17·

302 1217 515 1276 Crisostomum
534 1215 629 1273 David
647 1206 819 1291 preponitur
841 1215 945 1274 Matth.
969 1226 1009 1273 1⁰.
1051 1216 1250 1275 Confirmatur
1270 1235 1306 1275 ex

302 1325 359 1384 hoc
384 1323 466 1401 quod
488 1332 578 1381 status
603 1322 681 1398 regis
703 1331 748 1380 est
768 1323 966 1399 periculosior,
987 1324 1054 1383 ideo
1078 1325 1141 1383 eius
1161 1324 1307 1401 perfeccio

302 1430 414 1489 videtur
428 1429 599 1501 meritorior,
615 1429 695 1486 iuxta
710 1428 779 1486 illud
793 1429 871 1487 Eccl.
889 1440 944 1504 310
961 1429 1021 1502 Qui
1031 1433 1128 1507 potuit
1145 1429 1387 1506 transgredt'licclrs

303 1544 329 1595 et
345 1556 400 1594 non
414 1542 454 1593 est
464 1543 667 1610 transgressus,
683 1536 812 1613 elsacere
825 1537 902 1594 mala
915 1544 943 1595 et
953 1538 1095 1615 nonsart,
1110 1538 1169 1595 ideo
1183 1516 1360 1615 stabz'litassff

1361 1537 1366 1549 ‚
1375 1511 1400 1553 ιο,

95 1656 245 1718 Touojpstrce
252 1650 371 1702 morunt
389 1644 459 1701 bona
480 1644 558 1700 illzbs
579 1644 610 1699 in
630 1643 747 1701 domem.
790 1642 850 1702 Hic
864 1642 967 1702 dicitur
981 1644 1061 1720 quod
1076 1645 1142 1721 plus
1157 1653 1202 1703 est
1215 1643 1309 1701 facere

94 1708 284 1801 moamqqtitsqr
304 1749 532 1809 misericordiam
552 1759 581 1808 et
603 1748 751 1807 Iusticiam
773 1766 862 1824 quam
883 1750 1078 1809 ministerium
1099 1749 1309 1809 sacramentale

95 1812 276 1853 enemente
305 1857 459 1937 pontificis,
473 1857 514 1915 sic
529 1855 608 1933 quod
622 1874 684 1915 non
698 1855 729 1912 in
742 1855 793 1914 illo
806 1865 863 1914 stat
884 1856 953 1915 cleri
973 1858 1191 1933 preeminencie
1213 1855 1266 1915 sed
1281 1856 1310 1912 in

305 1966 443 2043 operibus
457 1963 663 2033 misericordie,
677 1962 800 2021 vivendo
818 1963 913 2023 Cristo
935 1963 1115 2022 conformius
1130 1964 1161 2022 in
1175 1962 1311 2040 ampliori

305 2072 425 2144 iusticia,
448 2070 528 2148 quod
556 2070 643 2128 debet
667 2078 833 2145 competere
857 2070 963 2130 clerico
989 2090 1076 2148 supra
1100 2089 1209 2148 regem.
1253 2069 1346 2134 Sed15

306 2178 425 2237 ulterius
447 2177 610 2236 notandum
633 2176 805 2253 quodlicet
825 2196 877 2235 rex
900 2178 1096 2238 auctoritative
1118 2178 1185 2237 facit
1206 2196 1313 2237 execu-

309 2286 425 2345 cionem
440 2284 551 2344 iusticie
562 2301 616 2359 per
626 2291 721 2342 totum
733 2301 865 2358 regnum,
877 2285 1026 2343 extensius
1037 2283 1051 2316 *
1062 2294 1162 2344 tamen
1172 2303 1264 2363 quam
1273 2285 1352 2344 siem
1361 2291 1384 2337 d

312 2393 379 2452 facit
399 2392 475 2450 filius
497 2391 580 2467 regni
602 2390 745 2448 iusticiam
767 2391 968 2451 absconditam
989 2410 1077 2469 supra
1090 2393 1202 2470 regiam
1215 2402 1315 2469 potes·

311 2511 411 2561 tatem.
460 2500 499 2558 Et
525 2499 568 2558 sie
595 2516 706 2575 pauper
735 2499 846 2559 mundo
873 2499 1039 2576 incognitus
1067 2500 1216 2559 extensius
1247 2500 1317 2559 facit

309 2609 452 2668 iusticiam
477 2624 567 2685 quam
591 2606 645 2666 iste
673 2625 751 2683 papa
775 2607 856 2665 cuius
881 2616 1010 2684 potestas
1028 2626 1088 2685 quo
1109 2607 1148 2666 ad
1168 2608 1315 2667 mundum
1325 2634 1354 2668 20

311 2715 537 2794 quantumlibet
559 2713 744 2784 declametur,
760 2722 791 2772 ut
812 2723 891 2790 patet
908 2714 946 2774 di.
970 2714 1009 2773 xl.
1051 2713 1091 2773 Si
1103 2725 1191 2790 papa.
1233 2714 1315 2774 Con·
1324 2729 1408 2777 Decret

312 2823 425 2883 ceditur
438 2822 524 2899 igitur
538 2821 619 2900 quod
632 2841 683 2879 rex
696 2821 785 2880 habet
804 2821 952 2880 racionem
972 2821 1104 2880 merendi
1124 2803 1402 2897 multiplicemffl·

309 2930 451 3006 episcopo
493 2929 673 3005 ampliorem,
707 2928 857 3006 potissime
900 2928 968 3005 quia
1001 2927 1090 2986 habet
1124 2928 1318 2988 occasionem

311 3036 455 3096 meritorie
480 3034 600 3112 regendi
627 3044 655 3094 et
681 3035 866 3112 multiplicius
891 3035 1067 3095 demerendi.
1110 3034 1176 3094 Nec
1196 3055 1234 3094 ex
1259 3034 1318 3095 hoc

311 3143 440 3221 sequitur
456 3143 535 3220 quod
559 3152 653 3201 status
675 3143 710 3201 sit
732 3142 891 3220 perfeccior
913 3144 938 3203 si
959 3144 1070 3216 evadat,
1084 3145 1153 3222 quia
1168 3144 1209 3204 sic
1223 3152 1319 3202 status
1329 3174 1360 3226 ²5

311 3251 515 3328 peecatoribus
542 3249 738 3309 mundialibus
768 3250 909 3328 implicati
935 3250 1010 3310 foret
1043 3251 1204 3328 perfeccior
1240 3261 1321 3310 statu

313 3359 483 3436 apostolico.
524 3359 563 3417 Et
578 3377 615 3417 ex
629 3355 711 3417 istis²
724 3357 867 3434 colligitur
889 3358 970 3435 quod
989 3369 1112 3436 peccant
1127 3357 1254 3436 graviter
1269 3358 1323 3434 qui

313 3467 403 3544 gratis
425 3466 594 3525 difficultant
617 3473 722 3524 statum
741 3483 827 3524 suum
848 3464 887 3523 ad
909 3466 1045 3525 meritum
1064 3466 1137 3524 ultra
1156 3465 1214 3525 hoc
1237 3465 1323 3543 quod

313 3574 387 3634 deus
400 3574 528 3645 instituit,
543 3573 612 3651 quia
632 3572 689 3632 hoc
703 3581 748 3632 est
761 3571 910 3648 quoddam
925 3590 1017 3648 genus
1038 3572 1200 3650 temptandi
1218 3571 1320 3645 deum,

313 3682 388 3741 sicut
400 3681 512 3740 videtur
525 3679 619 3739 facere
632 3679 729 3738 clerici
742 3679 872 3755 negociis
886 3679 1063 3739 secularibus
1077 3679 1205 3739 involuti.
1333 3708 1367 3757 50

105 3809 212 3851 Asecond
227 3806 297 3858 objec·
356 3787 494 3848 Secundo
522 3785 647 3846 obicitur
676 3787 858 3845 contradicta
893 3786 929 3845 de
963 3787 1084 3846 homine
1118 3786 1195 3862 legio
1231 3787 1324 3863 regis,

105 3859 151 3902 tion
160 3858 178 3900 is
187 3858 251 3900 taken
260 3871 285 3899 as

105 3909 307 4003 {ssfflssffim
315 3894 397 3972 quod
418 3913 473 3954 nec
497 3893 668 3953 describitur
691 3911 748 3951 nec
776 3893 899 3952 docetur
921 3903 1064 3971 quantum
1091 3893 1128 3953 de
1154 3892 1213 3951 suis
1240 3893 1325 3952 subi·

105 4009 242 4113 iiteqeemqq's
317 4002 393 4062 citur
414 4002 491 4079 regis
519 4000 658 4061 dominio.
700 3999 760 4058 Hic
781 4000 894 4059 videtur
915 3999 987 4057 mihi
1009 3999 1090 4077 quod
1112 3999 1205 4058 homo
1226 3998 1326 4077 leglus

107 4133 307 4184 ltakeitthatany-
318 4109 395 4188 regis
416 4119 513 4188 potest
536 4108 592 4167 dici
614 4108 790 4186 quicumque
811 4107 904 4168 homo
924 4107 1002 4184 regis
1025 4107 1075 4184 qui
1097 4105 1239 4166 subicitur
1262 4106 1326 4185 legi

106 4199 148 4279 dile
152 4185 233 4289 lille*
239 4184 308 4288 lile?
316 4217 401 4296 regis,
416 4218 457 4277 sic
478 4216 559 4294 quod
580 4215 634 4274 ista
654 4233 715 4273 non
737 4225 931 4274 consecuntur
952 4232 992 4285 se,
1010 4214 1102 4274 homo
1123 4214 1219 4292 legius
1239 4215 1321 4292 regis
1331 4242 1364 4294 35

480 4339 490 4368 ¹
507 4339 567 4389 Fac.
580 4338 630 4390 iud.
642 4345 667 4389 et
678 4339 741 4396 mis,
752 4338 869 4398 ordina,
881 4350 905 4386 Β.
1032 4336 1043 4366 ¹
1059 4338 1117 4397 isto,
1129 4348 1154 4387 Β.

1150 4474 1168 4567 l
