2828 5048
539 408 589 458 DE
612 408 759 460 OFFICIO
784 407 903 459 REGIS.

222 563 333 623 habent
353 573 525 641 potestatem
544 583 562 625 a
584 565 679 626 Cristo
701 566 774 625 sicut
794 583 850 625 nec
872 564 918 624 ille
939 563 1037 623 habuit
1051 571 1224 639 potestatem

222 670 341 730 civiliter
355 670 515 747 regulandi,
531 672 583 731 sed
596 681 741 749 temptans
755 671 812 731 hoc
827 671 857 728 in
872 671 991 730 nomine
1006 668 1093 728 Cristi
1108 678 1225 729 nonest

223 777 288 836 eius
302 776 427 836 vicarius
441 777 493 836 sed
515 777 676 855 discipulus
690 778 880 855 pseudocristi
895 777 997 836 fovens
1011 794 1147 852 gwerras,
1162 775 1225 834 lites

223 892 253 941 et
273 883 482 944 contenciones
502 884 595 943 tocius
609 884 737 944 ecclesie.
780 883 858 943 Ante
873 883 958 942 cuius
972 883 1076 942 erroris
1097 882 1225 941 destruc·

199 990 343 1050 5cionem
357 990 524 1066 inpossibile
538 1001 582 1051 est
600 990 752 1051 ecclesiam
767 991 853 1051 Cristi
871 990 978 1050 habere
995 991 1117 1049 omnino
1136 990 1225 1048 intur·

224 1095 294 1156 bide
308 1115 406 1156 veram
420 1115 533 1174 pacem.
575 1096 684 1157 Tercio
698 1116 766 1157 vero
781 1098 850 1158 dicit
864 1098 944 1175 quod
962 1097 1035 1156 sicut
1049 1096 1227 1173 sanguisuga
1235 1094 1414 1190 diffidam

86 1216 129 1252 ov.
141 1214 204 1250 ¹¹¹2
226 1201 295 1262 dicit
305 1202 456 1280 dupliciter
464 1204 545 1282 afflr,
554 1205 634 1282 affer,
645 1204 801 1263 consulens
815 1204 902 1263 nimis
915 1204 1068 1264 crudeliter
1083 1203 1120 1262 ad
1135 1202 1227 1261 auffe-

86 1306 88 1315 ‘
225 1308 350 1368 rendum
370 1310 450 1369 bona
477 1318 580 1371 nature
607 1320 639 1369 ut
666 1309 755 1370 suus¹
777 1309 869 1370 fastus
890 1321 919 1370 et
943 1311 1075 1387 voluptas
1100 1309 1229 1385 corporis

226 1414 366 1487 foveatur,
381 1415 422 1475 sic
443 1424 600 1493 utrumque
621 1417 785 1476 membrum
798 1416 920 1476 ecclesie
931 1416 1018 1476 debet
1032 1435 1092 1493 quo
1105 1417 1143 1475 ad
1151 1418 1230 1476 bona

186 1541 219 1587 ro
227 1520 343 1581 fortune
362 1521 569 1581 medicinaliter
590 1522 848 1600 proporcionaliter
868 1532 897 1582 et
922 1523 1109 1583 effectualiter
1133 1523 1229 1581 dicere

228 1627 343 1688 “auffer
357 1625 462 1700 aufer,''
476 1627 631 1688 consulens
646 1628 683 1688 ad
691 1628 848 1689 fovendum
859 1630 938 1688 bona
948 1639 1049 1688 nature
1061 1629 1090 1687 in
1100 1628 1230 1686 moribus

228 1734 311 1812 quod
333 1734 504 1812 temporalia
525 1746 592 1794 sunt
612 1735 818 1812 particulariter
841 1735 933 1794 instar
953 1734 1048 1812 pluvie
1069 1734 1230 1793 distributa.

229 1840 269 1901 Et
288 1858 358 1900 cum
377 1842 416 1901 ad
437 1841 521 1901 istam
540 1843 719 1902 sentenciam
736 1851 858 1901 monent
881 1851 942 1900 tarn
964 1841 1113 1900 incarnata
1126 1840 1230 1898 veritas

229 1965 320 2024 quam
334 1948 413 2008 racio
428 1948 566 2008 naturalis
578 1967 715 2027 rogemus
734 1949 830 2027 ipsam
849 1949 996 2008 veritatem
1016 1948 1231 2023 omnipotenter

188 2082 220 2133 ¹5
232 2054 379 2131 sapienter
406 2064 435 2114 et
463 2055 621 2115 clementer
649 2066 749 2117 contra
776 2055 1041 2134 pseudocristianos
1075 2053 1230 2114 defendere

229 2169 342 2238 partem
356 2178 448 2222 suam.
490 2161 611 2221 AMEN
635 2166 669 2236 ›1‹

478 2384 615 2457 mmm,
637 2383 686 2446 Dr
707 2381 854 2446 Orrrcm'
874 2383 976 2445 Rrro1s.

366 2690 376 2723 ¹
393 2692 474 2743 fumus
485 2700 534 2759 pro
545 2709 611 2756 suus,
624 2707 650 2745 Α.
749 2694 760 2723 ²
776 2696 901 2746 Potestate
912 2694 1063 2760 praeficio,
1075 2707 1099 2745 u.
