2828 5048
594 456 644 507 DE
667 455 817 509 OFFICIO
838 455 958 509 REGIS.

272 613 400 676 conflare
425 615 536 693 gladios
559 634 624 676 suos
648 619 679 676 r'n
703 635 823 677 vomeres
844 623 871 676 et
892 617 1002 676 lanceas
1027 633 1094 674 suas
1118 615 1150 673 in
1166 614 1278 694 fizlces.

272 720 336 781 Nec
352 721 473 780 dubium
486 721 556 800 quin
571 722 602 781 in
617 722 718 783 diebus
732 724 854 782 istorum
865 741 1032 799 regnorum,
1048 722 1116 799 quia
1130 740 1211 780 anno
1223 730 1279 779 xv⁰

272 828 384 905 imperii
402 828 514 887 Tiberii
536 828 651 888 Cesaris
674 829 786 889 Cristus
802 828 816 861 *
832 829 924 888 fuerat
946 830 1121 901 incarnatus,
1142 837 1174 886 ut
1197 837 1278 905 patet
1288 844 1325 891 52
1337 857 1360 892 e.

272 933 352 994 Luce
367 935 420 993 iii0.
462 933 612 1012 Tempore
626 943 724 995 autem
738 952 842 1013 regum
856 936 988 1012 priorum
1001 935 1153 995 descendit
1166 934 1357 1000 semin-Lake
1368 949 1399 1000 iii

63 1056 100 1098 ue
109 1056 152 1099 wiu
161 1057 247 1109 uestroy
273 1041 355 1101 aliter
377 1042 408 1099 in
422 1040 572 1100 Abraham
591 1051 620 1101 et
641 1042 744 1102 ceteris
764 1041 943 1118 patriarchis.
985 1039 1050 1101 Nec
1065 1040 1189 1099 dubium
1203 1040 1303 1120 quin5

61 1108 239 1202 ἓιιιοιῖἷζῖιὲῑῖῗῑηο-
273 1148 399 1208 destruet
413 1165 533 1206 omnem
547 1147 711 1208 civilitatem
725 1158 754 1208 et
768 1149 898 1208 seculare
912 1147 1083 1220 dominium,
1099 1146 1169 1225 quia
1184 1147 1216 1204 in
1230 1146 1279 1205 die

62 1211 236 1263 nousofpower.
273 1255 377 1313 Iudicii
412 1254 573 1314 secundum
604 1255 770 1331 apostolum
798 1255 925 1314 Roman.
954 1272 992 1312 xv
1020 1254 1144 1313 cessabit
1179 1253 1279 1312 omnis
1289 1258 1360 1308 Rom.
1371 1274 1404 1308 xv.

272 1360 400 1434 exacci0,
423 1369 452 1420 et
476 1359 592 1436 psalmo
612 1360 665 1418 2⁰¹
687 1360 842 1438 alloquitur
864 1359 1001 1420 dominus
1023 1360 1104 1418 illum
1126 1337 1327 1439 montemzfs}
1339 1389 1364 1439 ii.
1374 1388 1411 1450 g,

272 1468 420 1528 Postulaa
428 1485 469 1525 me
482 1473 509 1525 et
520 1465 589 1526 dabo
603 1467 658 1526 tibi
663 1474 757 1544 gentes
767 1467 942 1526 hereditatem
956 1468 1183 1543 elpossersz'onem
1198 1473 1279 1524 tuam

272 1577 403 1634 terminos
427 1581 507 1632 terre.
548 1573 642 1650 Reges
664 1592 707 1632 eos
730 1575 761 1632 in
786 1574 874 1650 virga
890 1575 996 1651 ferrea
1020 1579 1047 1631 et
1065 1579 1200 1648 tanquam
1223 1591 1277 1631 vas
1288 1594 1319 1630 10

264 1682 359 1758 figuli
370 1680 531 1759 consrtbges
544 1700 595 1739 eos.
637 1679 750 1740 Notum
769 1679 890 1756 quidem
904 1690 948 1739 est
962 1698 999 1738 ex
1013 1678 1175 1756 ewangelio
1194 1678 1277 1756 quod

273 1786 429 1847 Christus²
442 1804 566 1864 regnum
585 1785 714 1846 seculare
729 1786 758 1844 in
773 1804 901 1863 persona
915 1804 968 1846 sua
988 1785 1091 1859 renuit,
1106 1785 1165 1844 suis
1188 1802 1276 1862 apos·

271 1895 338 1954 tolis
359 1894 512 1965 interdixit,
533 1903 562 1954 et
585 1893 623 1953 ad
646 1903 764 1970 tempus
784 1894 815 1951 in
836 1892 996 1969 religione⁸
1017 1910 1070 1951 sua
1091 1893 1121 1950 in
1142 1891 1277 1950 inferior·

63 2009 218 2104 ffliffl}
272 2002 337 2062 ibus
361 2000 542 2079 approbavit.
583 2000 666 2073 Ideo,
692 2009 724 2058 ut
751 1999 820 2058 dicit
847 1998 999 2077 propheta,
1027 2015 1152 2074 regnum
1178 1998 1276 2070 Crini,
1286 2005 1319 2052 11.

62 2113 112 2155 ene
273 2106 355 2184 quod
368 2125 438 2184 sepe
452 2106 483 2165 in
497 2106 657 2183 ewangelio
671 2116 792 2165 vocatur
806 2123 930 2182 regnum
944 2105 1082 2178 celorum,
1097 2105 1128 2163 in
1142 2115 1277 2164 eternum
1288 2120 1317 2172 15

272 2232 335 2272 non
356 2213 547 2290 dissipabitur,
566 2230 635 2273 cum
649 2212 729 2272 Luce
743 2212 784 2270 i⁰⁴
803 2222 924 2272 testatur
944 2211 1066 2288 angelus
1090 2210 1171 2288 quod
1193 2213 1354 2288 regnr'Luke
1365 2214 1404 2277 ta

272 2320 331 2377 etier
353 2338 408 2377 non
428 2321 483 2377 erit
493 2319 577 2395 fines.
618 2318 792 2378 Dominium
806 2319 885 2376 enim
899 2316 981 2394 quod
994 2318 1045 2375 filii
1060 2316 1108 2376 dei
1121 2317 1232 2376 habent
1247 2328 1278 2376 et

273 2433 412 2501 appetunt
439 2425 487 2484 hic
513 2426 545 2483 in
572 2425 618 2484 via
645 2425 775 2484 manebit
802 2434 941 2502 perpetue
969 2432 1035 2502 post
1063 2424 1141 2482 diem
1168 2423 1276 2482 iudicii.

63 2543 121 2586 anat
129 2543 232 2597 kingdom
274 2529 364 2602 Quod
379 2529 497 2608 quidem
509 2531 672 2590 dominium
685 2538 802 2606 oportet
812 2548 933 2589 omnem
947 2530 1108 2590 secularem
1120 2527 1277 2588 dominum

63 2596 219 2688 {aindoma
272 2637 380 2696 habere
400 2637 439 2696 ad
459 2637 678 2697 rectificandum
698 2654 784 2697 suum
805 2637 887 2697 civile
907 2637 1078 2708 dominium,
1101 2645 1132 2695 et
1150 2653 1224 2713 pure
1244 2635 1276 2693 in
1286 2655 1318 2692 ιο

63 2697 212 2748 ‘mmmm
272 2743 375 2802 mortis
396 2743 533 2815 articulo;
554 2744 623 2821 quia
644 2762 767 2820 regnum
786 2742 865 2815 illud,
886 2752 918 2801 ut
938 2742 1007 2801 dicit
1025 2741 1177 2819 propheta,
1192 2743 1281 2800 altere·

267 2851 371 2926 populo
384 2869 439 2909 non
459 2852 596 2911 tradetur.
638 2848 782 2909 Narratur
801 2861 900 2909 autem
918 2849 1000 2926 quod
1014 2849 1127 2909 Cristus
1152 2866 1275 2908 comen-

63 2968 256 3012 meorderorue
273 2956 342 3015 det⁶
358 2956 412 3016 hec
427 2957 556 3034 quinque
574 2956 704 3015 dominia
728 2956 890 3016 secundum
915 2957 1048 3015 ordinem
1074 2973 1209 3015 eversum
1234 2955 1276 3014 iili

61 3021 225 3130 &323ssssss
272 3061 366 3121 ordini
380 3078 440 3139 quo
454 3062 620 3135 succedunt,
638 3064 707 3138 quia
727 3064 757 3120 in
770 3080 908 3141 processu
928 3062 1067 3140 temporis
1081 3062 1148 3138 plus
1161 3061 1276 3121 declin-

62 3121 350 3227 {gemenda-ando
374 3186 392 3227 a
415 3167 473 3226 vita
496 3168 669 3228 innocencie
693 3168 759 3245 plus
784 3168 930 3228 declinant
951 3167 990 3227 ad
1014 3167 1276 3227 conversacionem
1286 3185 1316 3237 ²5

270 3283 443 3334 terrestrem.
485 3274 557 3333 Ideo
571 3283 687 3352 oportet
700 3276 782 3352 quod
796 3273 959 3335 destruccio
973 3274 1094 3353 incipiat
1107 3292 1126 3332 a
1139 3273 1278 3334 domina·

185 3380 188 3388 “
270 3381 356 3440 cione
370 3389 462 3440 testea
476 3398 545 3442 cum
559 3381 594 3440 sit
608 3382 705 3440 minus
728 3381 883 3440 fundabilis
897 3381 1066 3458 etamplius
1080 3389 1278 3440 monstruosa.

271 3486 413 3559 Quamvis
428 3498 526 3547 autem
547 3488 626 3564 prius
642 3487 785 3547 destructe
807 3497 873 3546 sunt
894 3497 951 3547 tres
973 3487 1150 3559 monarchie,
1164 3487 1278 3564 priores

270 3605 370 3654 tamen
404 3594 485 3653 modi
520 3593 693 3653 dominandi
726 3594 758 3652 in
799 3594 1027 3672 religiosioribus
1061 3602 1278 3653 remanserunt.

270 3701 363 3759 Istam
384 3710 482 3759 autem
503 3700 684 3759 sentenciam
704 3709 846 3760 testantur
867 3700 961 3760 sancti
981 3699 1125 3771 doctores,
1141 3717 1198 3759 nec
1216 3698 1277 3759 vidi
1286 3713 1319 3764 30

271 3806 421 3866 doctorem
449 3807 537 3865 alium
564 3807 686 3866 latinum
713 3807 759 3867 vel
787 3806 928 3866 hebreum
963 3807 1013 3885 qui
1049 3806 1217 3882 signancius
1246 3815 1277 3866 et

270 3913 463 3990 particulatim
474 3913 635 3973 secundum
650 3913 755 3973 seriem
766 3913 921 3973 verborum
935 3914 1056 3990 exponit
1070 3911 1148 3971 hunc
1159 3921 1277 3973 textum

62 4037 216 4080 anathema
270 4019 481 4096 propheticum.
522 4018 571 4079 Ad
585 4037 704 4080 sensum
718 4030 817 4079 tamen
832 4020 893 4079 eius
908 4020 1044 4080 doctores
1059 4019 1151 4078 nostri
1166 4018 1279 4080 debent

61 4101 123 4128 sense
134 4090 158 4129 ot
164 4089 201 4132 the
272 4125 278 4138 ,

60 4139 177 4192 propnecy.
270 4126 421 4186 mtendere
442 4144 510 4186 cum
531 4126 584 4185 suit
601 4125 809 4187 miraculosum
829 4137 859 4186 et
872 4125 956 4188 valde
974 4127 1072 4186 nobile
1091 4125 1160 4186 fidei
1174 4143 1277 4186 sacra-

304 4271 456 4329 ¹2⁰,em.n.
500 4256 767 4335 ‘'Christus,om.n.
833 4274 1008 4338 'regionem
1075 4271 1180 4337 ⁴x⁰,n;
1201 4281 1237 4331 1⁰,
1250 4285 1276 4324 Β.

295 4350 435 4413 comineret,
447 4363 482 4413 Α;
499 4351 638 4415 comendet‚
649 4363 674 4406 Β.
