<?xml version="1.0" encoding="UTF-8"?>
<!DOCTYPE html PUBLIC "-//W3C//DTD XHTML 1.0 Transitional//EN"
    "http://www.w3.org/TR/xhtml1/DTD/xhtml1-transitional.dtd">
<html xmlns="http://www.w3.org/1999/xhtml" xml:lang="en" lang="en">
 <head>
  <title>
</title>
<meta http-equiv="Content-Type" content="text/html;charset=utf-8" />
  <meta name='ocr-system' content='tesseract 3.04.00' />
  <meta name='ocr-capabilities' content='ocr_page ocr_carea ocr_par ocr_line ocrx_word'/>
</head>
<body>
  <div class='ocr_page' id='page_1' title='image "./tractatusdeoffi00saylgoog_0241.png"; bbox 0 0 2828 5048; ppageno 0'>
   <div class='ocr_carea' id='block_1_1' title="bbox 78 413 970 471">
    <p class='ocr_par' dir='ltr' id='par_1_1' title="bbox 78 413 970 471">
     <span class='ocr_line' id='line_1_1' title="bbox 78 413 970 471; baseline -0.01 0"><span class='ocrx_word' id='word_1_1' title='bbox 78 422 140 471; x_wconf 80' lang='lat'>202</span> <span class='ocrx_word' id='word_1_2' title='bbox 605 416 655 465; x_wconf 86' lang='lat' dir='ltr'>DE</span> <span class='ocrx_word' id='word_1_3' title='bbox 678 413 827 465; x_wconf 85' lang='lat' dir='ltr'>OFFICIO</span> <span class='ocrx_word' id='word_1_4' title='bbox 852 414 970 463; x_wconf 87' lang='lat' dir='ltr'><strong>REGIS.</strong></span> 
     </span>
    </p>
   </div>
   <div class='ocr_carea' id='block_1_2' title="bbox 76 569 1287 675">
    <p class='ocr_par' dir='ltr' id='par_1_2' title="bbox 76 569 1287 675">
     <span class='ocr_line' id='line_1_2' title="bbox 76 569 1287 675; baseline -0.004 -43"><span class='ocrx_word' id='word_1_5' title='bbox 76 572 277 675; x_wconf 50' lang='lat' dir='ltr'>,2¹23ssle</span> <span class='ocrx_word' id='word_1_6' title='bbox 286 574 455 650; x_wconf 85' lang='lat' dir='ltr'>alienigenis</span> <span class='ocrx_word' id='word_1_7' title='bbox 469 573 563 632; x_wconf 91' lang='lat' dir='ltr'>solum</span> <span class='ocrx_word' id='word_1_8' title='bbox 577 573 674 650; x_wconf 85' lang='lat' dir='ltr'>gracia</span> <span class='ocrx_word' id='word_1_9' title='bbox 689 572 869 630; x_wconf 90' lang='lat' dir='ltr'>ambasiandi</span> <span class='ocrx_word' id='word_1_10' title='bbox 885 582 990 630; x_wconf 91' lang='lat' dir='ltr'>terram</span> <span class='ocrx_word' id='word_1_11' title='bbox 1005 571 1183 629; x_wconf 79' lang='lat' dir='ltr'>intrantibus</span> <span class='ocrx_word' id='word_1_12' title='bbox 1227 569 1287 628; x_wconf 91' lang='lat' dir='ltr'>Hic</span> 
     </span>
    </p>
   </div>
   <div class='ocr_carea' id='block_1_3' title="bbox 76 674 1287 776">
    <p class='ocr_par' dir='ltr' id='par_1_3' title="bbox 76 674 1287 776">
     <span class='ocr_line' id='line_1_3' title="bbox 76 674 1287 776; baseline -0.01 -31"><span class='ocrx_word' id='word_1_13' title='bbox 76 674 262 776; x_wconf 43' lang='lat' dir='ltr'>ffi&#39;ssflss‘ffips</span> <span class='ocrx_word' id='word_1_14' title='bbox 287 681 354 739; x_wconf 94' lang='lat' dir='ltr'>dico</span> <span class='ocrx_word' id='word_1_15' title='bbox 376 681 456 758; x_wconf 93' lang='lat' dir='ltr'>quod</span> <span class='ocrx_word' id='word_1_16' title='bbox 478 698 582 738; x_wconf 88' lang='lat' dir='ltr'>omnes</span> <span class='ocrx_word' id='word_1_17' title='bbox 602 679 721 755; x_wconf 81' lang='lat' dir='ltr'>predicti</span> <span class='ocrx_word' id='word_1_18' title='bbox 743 689 809 737; x_wconf 91' lang='lat' dir='ltr'>sunt</span> <span class='ocrx_word' id='word_1_19' title='bbox 825 678 959 736; x_wconf 91' lang='lat' dir='ltr'>homines</span> <span class='ocrx_word' id='word_1_20' title='bbox 980 677 1065 754; x_wconf 83' lang='lat' dir='ltr'>legii¹</span> <span class='ocrx_word' id='word_1_21' title='bbox 1079 696 1181 754; x_wconf 82' lang='lat' dir='ltr'>regum</span> <span class='ocrx_word' id='word_1_22' title='bbox 1203 686 1287 749; x_wconf 89' lang='lat' dir='ltr'>terre,</span> 
     </span>
    </p>
   </div>
   <div class='ocr_carea' id='block_1_4' title="bbox 75 776 1289 1030">
    <p class='ocr_par' dir='ltr' id='par_1_4' title="bbox 75 776 1289 1030">
     <span class='ocr_line' id='line_1_4' title="bbox 75 776 1289 867; baseline -0.009 -16"><span class='ocrx_word' id='word_1_23' title='bbox 75 776 225 867; x_wconf 52' lang='lat' dir='ltr'>ffifflffi}</span> <span class='ocrx_word' id='word_1_24' title='bbox 287 806 355 846; x_wconf 90' lang='lat' dir='ltr'>curn</span> <span class='ocrx_word' id='word_1_25' title='bbox 377 796 567 864; x_wconf 86' lang='lat' dir='ltr'>proteguntur</span> <span class='ocrx_word' id='word_1_26' title='bbox 586 787 640 845; x_wconf 92' lang='lat' dir='ltr'>sub</span> <span class='ocrx_word' id='word_1_27' title='bbox 658 787 764 843; x_wconf 88' lang='lat' dir='ltr'>umbra</span> <span class='ocrx_word' id='word_1_28' title='bbox 782 803 883 844; x_wconf 92' lang='lat' dir='ltr'>eorum</span> <span class='ocrx_word' id='word_1_29' title='bbox 905 795 933 844; x_wconf 92' lang='lat' dir='ltr'>et</span> <span class='ocrx_word' id='word_1_30' title='bbox 954 795 1087 843; x_wconf 88' lang='lat' dir='ltr'>tenentur</span> <span class='ocrx_word' id='word_1_31' title='bbox 1106 803 1207 861; x_wconf 90' lang='lat' dir='ltr'>parere</span> <span class='ocrx_word' id='word_1_32' title='bbox 1228 784 1289 841; x_wconf 92' lang='lat' dir='ltr'>suis</span> 
     </span>
     <span class='ocr_line' id='line_1_5' title="bbox 75 876 1289 971; baseline -0.007 -15"><span class='ocrx_word' id='word_1_33' title='bbox 75 876 188 928; x_wconf 57' lang='lat' dir='ltr'><strong>”egem</strong></span> <span class='ocrx_word' id='word_1_34' title='bbox 285 894 398 970; x_wconf 81' lang='lat' dir='ltr'>legibus</span> <span class='ocrx_word' id='word_1_35' title='bbox 412 896 467 953; x_wconf 92' lang='lat' dir='ltr'>sub</span> <span class='ocrx_word' id='word_1_36' title='bbox 482 912 558 971; x_wconf 87' lang='lat' dir='ltr'>pena</span> <span class='ocrx_word' id='word_1_37' title='bbox 575 893 674 970; x_wconf 90' lang='lat' dir='ltr'>patrie.</span> <span class='ocrx_word' id='word_1_38' title='bbox 716 891 797 969; x_wconf 91' lang='lat' dir='ltr'>Papa</span> <span class='ocrx_word' id='word_1_39' title='bbox 812 901 911 951; x_wconf 90' lang='lat' dir='ltr'>autem</span> <span class='ocrx_word' id='word_1_40' title='bbox 930 891 982 949; x_wconf 85' lang='lat' dir='ltr'>luit</span> <span class='ocrx_word' id='word_1_41' title='bbox 999 892 1129 968; x_wconf 88' lang='lat' dir='ltr'>specialis</span> <span class='ocrx_word' id='word_1_42' title='bbox 1151 891 1289 951; x_wconf 87' lang='lat' dir='ltr'>sacerdos</span> 
     </span>
     <span class='ocr_line' id='line_1_6' title="bbox 76 978 278 1030; baseline -0.01 -9"><span class='ocrx_word' id='word_1_43' title='bbox 76 978 278 1030; x_wconf 85' lang='lat' dir='ltr'>Thepopewasthe</span> 
     </span>
    </p>
   </div>
   <div class='ocr_carea' id='block_1_5' title="bbox 77 999 1312 1081">
    <p class='ocr_par' dir='ltr' id='par_1_5' title="bbox 77 999 1312 1081">
     <span class='ocr_line' id='line_1_7' title="bbox 77 999 1312 1081; baseline -0.002 -18"><span class='ocrx_word' id='word_1_44' title='bbox 77 1028 269 1081; x_wconf 50' lang='lat' dir='ltr'>ammaum.</span> <span class='ocrx_word' id='word_1_45' title='bbox 287 1000 401 1060; x_wconf 89' lang='lat' dir='ltr'>Cesaris</span> <span class='ocrx_word' id='word_1_46' title='bbox 426 1012 493 1059; x_wconf 89' lang='lat' dir='ltr'>ante</span> <span class='ocrx_word' id='word_1_47' title='bbox 515 1001 559 1059; x_wconf 91' lang='lat' dir='ltr'>sui</span> <span class='ocrx_word' id='word_1_48' title='bbox 580 1000 773 1070; x_wconf 91' lang='lat' dir='ltr'>dotacionem,</span> <span class='ocrx_word' id='word_1_49' title='bbox 789 1008 818 1058; x_wconf 92' lang='lat' dir='ltr'>et</span> <span class='ocrx_word' id='word_1_50' title='bbox 840 999 880 1057; x_wconf 90' lang='lat' dir='ltr'>sic</span> <span class='ocrx_word' id='word_1_51' title='bbox 901 1000 1055 1075; x_wconf 89' lang='lat' dir='ltr'>precipuus</span> <span class='ocrx_word' id='word_1_52' title='bbox 1077 999 1169 1076; x_wconf 85' lang='lat' dir='ltr'>legius</span> <span class='ocrx_word' id='word_1_53' title='bbox 1189 1010 1312 1060; x_wconf 88' lang='lat' dir='ltr'>servus5</span> 
     </span>
    </p>
   </div>
   <div class='ocr_carea' id='block_1_6' title="bbox 75 1079 1289 1183">
    <p class='ocr_par' dir='ltr' id='par_1_6' title="bbox 75 1079 1289 1183">
     <span class='ocr_line' id='line_1_8' title="bbox 75 1079 1289 1183; baseline -0.008 -10"><span class='ocrx_word' id='word_1_54' title='bbox 75 1079 254 1180; x_wconf 58' lang='lat' dir='ltr'>ffliii‘jhih‘</span> <span class='ocrx_word' id='word_1_55' title='bbox 289 1127 375 1167; x_wconf 88' lang='lat' dir='ltr'>suus:</span> <span class='ocrx_word' id='word_1_56' title='bbox 401 1107 454 1167; x_wconf 91' lang='lat' dir='ltr'>sed</span> <span class='ocrx_word' id='word_1_57' title='bbox 469 1108 543 1166; x_wconf 91' lang='lat' dir='ltr'>absit</span> <span class='ocrx_word' id='word_1_58' title='bbox 564 1107 644 1183; x_wconf 94' lang='lat' dir='ltr'>quod</span> <span class='ocrx_word' id='word_1_59' title='bbox 659 1116 779 1183; x_wconf 87' lang='lat' dir='ltr'>propter</span> <span class='ocrx_word' id='word_1_60' title='bbox 793 1117 903 1165; x_wconf 89' lang='lat' dir='ltr'>tantam</span> <span class='ocrx_word' id='word_1_61' title='bbox 918 1106 1105 1165; x_wconf 93' lang='lat' dir='ltr'>dotacionem</span> <span class='ocrx_word' id='word_1_62' title='bbox 1119 1117 1180 1164; x_wconf 91' lang='lat' dir='ltr'>tam</span> <span class='ocrx_word' id='word_1_63' title='bbox 1196 1114 1289 1182; x_wconf 86' lang='lat' dir='ltr'>grate,</span> 
     </span>
    </p>
   </div>
   <div class='ocr_carea' id='block_1_7' title="bbox 75 1179 279 1232">
    <p class='ocr_par' dir='ltr' id='par_1_7' title="bbox 75 1179 279 1232">
     <span class='ocr_line' id='line_1_9' title="bbox 75 1179 279 1232; baseline 0.01 -11"><span class='ocrx_word' id='word_1_64' title='bbox 75 1179 159 1232; x_wconf 80' lang='lat' dir='ltr'>though</span> <span class='ocrx_word' id='word_1_65' title='bbox 168 1181 205 1222; x_wconf 89' lang='lat' dir='ltr'>the</span> <span class='ocrx_word' id='word_1_66' title='bbox 220 1181 279 1223; x_wconf 86' lang='lat' dir='ltr'>dota·</span> 
     </span>
    </p>
   </div>
   <div class='ocr_carea' id='block_1_8' title="bbox 76 1213 1290 1324">
    <p class='ocr_par' dir='ltr' id='par_1_8' title="bbox 76 1213 1290 1324">
     <span class='ocr_line' id='line_1_10' title="bbox 76 1213 1290 1324; baseline -0.002 -52"><span class='ocrx_word' id='word_1_67' title='bbox 76 1230 254 1324; x_wconf 54' lang='lat' dir='ltr'>qqqfflroet</span> <span class='ocrx_word' id='word_1_68' title='bbox 287 1215 352 1274; x_wconf 89' lang='lat' dir='ltr'>licet</span> <span class='ocrx_word' id='word_1_69' title='bbox 387 1234 463 1286; x_wconf 89' lang='lat' dir='ltr'>cece,</span> <span class='ocrx_word' id='word_1_70' title='bbox 492 1215 651 1273; x_wconf 87' lang='lat' dir='ltr'>exhibitam</span> <span class='ocrx_word' id='word_1_71' title='bbox 685 1213 797 1272; x_wconf 91' lang='lat' dir='ltr'>desinat</span> <span class='ocrx_word' id='word_1_72' title='bbox 831 1232 894 1272; x_wconf 89' lang='lat' dir='ltr'>esse</span> <span class='ocrx_word' id='word_1_73' title='bbox 923 1214 1015 1290; x_wconf 81' lang='lat' dir='ltr'>legius</span> <span class='ocrx_word' id='word_1_74' title='bbox 1044 1215 1120 1289; x_wconf 86' lang='lat' dir='ltr'>regis</span> <span class='ocrx_word' id='word_1_75' title='bbox 1149 1213 1290 1272; x_wconf 91' lang='lat' dir='ltr'>Romani.</span> 
     </span>
    </p>
   </div>
   <div class='ocr_carea' id='block_1_9' title="bbox 76 1319 1291 1424">
    <p class='ocr_par' dir='ltr' id='par_1_9' title="bbox 76 1319 1291 1424">
     <span class='ocr_line' id='line_1_11' title="bbox 76 1319 1291 1424; baseline -0.001 -45"><span class='ocrx_word' id='word_1_76' title='bbox 76 1331 242 1424; x_wconf 44' lang='lat' dir='ltr'>pgefraobssolovffi</span> <span class='ocrx_word' id='word_1_77' title='bbox 256 1397 277 1424; x_wconf 39' lang='lat' dir='ltr'>a·</span> <span class='ocrx_word' id='word_1_78' title='bbox 287 1321 455 1381; x_wconf 90' lang='lat' dir='ltr'>Secundum</span> <span class='ocrx_word' id='word_1_79' title='bbox 468 1322 595 1392; x_wconf 88' lang='lat' dir='ltr'>beatum,</span> <span class='ocrx_word' id='word_1_80' title='bbox 610 1321 739 1396; x_wconf 90' lang='lat' dir='ltr'>inquam,</span> <span class='ocrx_word' id='word_1_81' title='bbox 754 1319 930 1395; x_wconf 87' lang='lat' dir='ltr'>Gregorium</span> <span class='ocrx_word' id='word_1_82' title='bbox 944 1331 1125 1380; x_wconf 91' lang='lat' dir='ltr'>crementum</span> <span class='ocrx_word' id='word_1_83' title='bbox 1141 1321 1291 1379; x_wconf 91' lang='lat' dir='ltr'>donorum</span> 
     </span>
    </p>
   </div>
   <div class='ocr_carea' id='block_1_10' title="bbox 76 1398 1399 1726">
    <p class='ocr_par' dir='ltr' id='par_1_10' title="bbox 76 1398 1399 1726">
     <span class='ocr_line' id='line_1_12' title="bbox 76 1398 1290 1504; baseline 0.001 -19"><span class='ocrx_word' id='word_1_84' title='bbox 76 1431 164 1474; x_wconf 73' lang='lat' dir='ltr'>tionsre</span> <span class='ocrx_word' id='word_1_85' title='bbox 206 1398 266 1485; x_wconf 58' lang='lat' dir='ltr'>tedia</span> <span class='ocrx_word' id='word_1_86' title='bbox 287 1430 354 1488; x_wconf 85' lang='lat' dir='ltr'>facit</span> <span class='ocrx_word' id='word_1_87' title='bbox 378 1428 532 1488; x_wconf 88' lang='lat' dir='ltr'>donarium</span> <span class='ocrx_word' id='word_1_88' title='bbox 558 1427 680 1487; x_wconf 90' lang='lat' dir='ltr'>donanti</span> <span class='ocrx_word' id='word_1_89' title='bbox 707 1427 834 1504; x_wconf 92' lang='lat' dir='ltr'>amplius</span> <span class='ocrx_word' id='word_1_90' title='bbox 856 1427 1026 1504; x_wconf 86' lang='lat' dir='ltr'>obligatum.</span> <span class='ocrx_word' id='word_1_91' title='bbox 1070 1428 1108 1485; x_wconf 90' lang='lat' dir='ltr'>Et</span> <span class='ocrx_word' id='word_1_92' title='bbox 1130 1429 1199 1487; x_wconf 91' lang='lat' dir='ltr'>hinc</span> <span class='ocrx_word' id='word_1_93' title='bbox 1224 1427 1290 1486; x_wconf 92' lang='lat' dir='ltr'>Leo</span> 
     </span>
     <span class='ocr_line' id='line_1_13' title="bbox 287 1534 1399 1615; baseline -0.001 -21"><span class='ocrx_word' id='word_1_94' title='bbox 287 1555 365 1613; x_wconf 88' lang='lat' dir='ltr'>papa</span> <span class='ocrx_word' id='word_1_95' title='bbox 387 1535 427 1615; x_wconf 91' lang='lat' dir='ltr'>(ii.</span> <span class='ocrx_word' id='word_1_96' title='bbox 442 1555 470 1613; x_wconf 90' lang='lat' dir='ltr'>q.</span> <span class='ocrx_word' id='word_1_97' title='bbox 493 1536 531 1593; x_wconf 93' lang='lat' dir='ltr'>vii</span> <span class='ocrx_word' id='word_1_98' title='bbox 545 1534 609 1594; x_wconf 84' lang='lat' dir='ltr'>Nos</span> <span class='ocrx_word' id='word_1_99' title='bbox 628 1537 663 1608; x_wconf 82' lang='lat' dir='ltr'>si,</span> <span class='ocrx_word' id='word_1_100' title='bbox 685 1544 718 1592; x_wconf 90' lang='lat' dir='ltr'>ut</span> <span class='ocrx_word' id='word_1_101' title='bbox 740 1534 881 1612; x_wconf 87' lang='lat' dir='ltr'>explicavi</span> <span class='ocrx_word' id='word_1_102' title='bbox 906 1535 1059 1613; x_wconf 66' lang='lat' dir='ltr'>superius)</span> <span class='ocrx_word' id='word_1_103' title='bbox 1081 1536 1235 1595; x_wconf 91' lang='lat' dir='ltr'>confitetur</span> <span class='ocrx_word' id='word_1_104' title='bbox 1257 1543 1399 1595; x_wconf 82' lang='lat' dir='ltr'>seDecret.</span> 
     </span>
     <span class='ocr_line' id='line_1_14' title="bbox 285 1621 1326 1726; baseline 0 -25"><span class='ocrx_word' id='word_1_105' title='bbox 285 1644 397 1719; x_wconf 88' lang='lat' dir='ltr'>legibus</span> <span class='ocrx_word' id='word_1_106' title='bbox 411 1642 607 1719; x_wconf 88' lang='lat' dir='ltr'>imperialibus</span> <span class='ocrx_word' id='word_1_107' title='bbox 626 1643 754 1702; x_wconf 89' lang='lat' dir='ltr'>obedire.</span> <span class='ocrx_word' id='word_1_108' title='bbox 796 1643 824 1700; x_wconf 81' lang='lat' dir='ltr'><strong>A</strong></span> <span class='ocrx_word' id='word_1_109' title='bbox 838 1644 955 1722; x_wconf 89' lang='lat' dir='ltr'>regibus</span> <span class='ocrx_word' id='word_1_110' title='bbox 976 1643 1061 1717; x_wconf 85' lang='lat' dir='ltr'>igitur</span> <span class='ocrx_word' id='word_1_111' title='bbox 1081 1642 1170 1701; x_wconf 90' lang='lat' dir='ltr'>habet</span> <span class='ocrx_word' id='word_1_112' title='bbox 1192 1643 1291 1701; x_wconf 90' lang='lat' dir='ltr'>clerus</span> <span class='ocrx_word' id='word_1_113' title='bbox 1299 1621 1326 1726; x_wconf 64' lang='grc' dir='ltr'>ξ</span> 
     </span>
    </p>
   </div>
   <div class='ocr_carea' id='block_1_11' title="bbox 76 1483 252 1536">
    <p class='ocr_par' dir='ltr' id='par_1_11' title="bbox 76 1483 252 1536">
     <span class='ocr_line' id='line_1_15' title="bbox 76 1483 252 1536; baseline 0.006 -10"><span class='ocrx_word' id='word_1_114' title='bbox 76 1483 166 1526; x_wconf 74' lang='lat' dir='ltr'>acknow</span> <span class='ocrx_word' id='word_1_115' title='bbox 175 1485 252 1536; x_wconf 81' lang='lat' dir='ltr'>edged.</span> 
     </span>
    </p>
   </div>
   <div class='ocr_carea' id='block_1_12' title="bbox 75 1689 1377 2148">
    <p class='ocr_par' dir='ltr' id='par_1_12' title="bbox 283 1689 1377 2041">
     <span class='ocr_line' id='line_1_16' title="bbox 1355 1689 1377 1725; baseline 0.045 -1"><span class='ocrx_word' id='word_1_116' title='bbox 1355 1689 1377 1725; x_wconf 89' lang='lat'>1.</span> 
     </span>
     <span class='ocr_line' id='line_1_17' title="bbox 283 1691 1353 1828; baseline 0.001 -20"><span class='ocrx_word' id='word_1_117' title='bbox 283 1751 454 1828; x_wconf 90' lang='lat' dir='ltr'>temporalia</span> <span class='ocrx_word' id='word_1_118' title='bbox 468 1750 599 1809; x_wconf 89' lang='lat' dir='ltr'>dominia</span> <span class='ocrx_word' id='word_1_119' title='bbox 609 1761 639 1810; x_wconf 93' lang='lat' dir='ltr'>et</span> <span class='ocrx_word' id='word_1_120' title='bbox 652 1750 808 1828; x_wconf 82' lang='lat' dir='ltr'>privilegia,</span> <span class='ocrx_word' id='word_1_121' title='bbox 818 1770 888 1828; x_wconf 90' lang='lat' dir='ltr'>ymo</span> <span class='ocrx_word' id='word_1_122' title='bbox 899 1751 995 1809; x_wconf 92' lang='lat' dir='ltr'>solum</span> <span class='ocrx_word' id='word_1_123' title='bbox 1007 1760 1036 1810; x_wconf 90' lang='lat' dir='ltr'>et</span> <span class='ocrx_word' id='word_1_124' title='bbox 1047 1752 1104 1809; x_wconf 91' lang='lat' dir='ltr'>vite</span> <span class='ocrx_word' id='word_1_125' title='bbox 1114 1752 1291 1822; x_wconf 88' lang='lat' dir='ltr'>necessaria,</span> <span class='ocrx_word' id='word_1_126' title='bbox 1335 1691 1353 1739; x_wconf 71' lang='lat'>4</span> 
     </span>
     <span class='ocr_line' id='line_1_18' title="bbox 285 1854 1293 1934; baseline -0.001 -17"><span class='ocrx_word' id='word_1_127' title='bbox 285 1854 388 1917; x_wconf 79' lang='lat' dir='ltr'>sicud²</span> <span class='ocrx_word' id='word_1_128' title='bbox 403 1867 433 1916; x_wconf 93' lang='lat' dir='ltr'>et</span> <span class='ocrx_word' id='word_1_129' title='bbox 451 1857 563 1916; x_wconf 86' lang='lat' dir='ltr'>Cristus</span> <span class='ocrx_word' id='word_1_130' title='bbox 584 1857 692 1915; x_wconf 85' lang='lat' dir='ltr'>habuit.</span> <span class='ocrx_word' id='word_1_131' title='bbox 735 1857 773 1916; x_wconf 91' lang='lat' dir='ltr'>Et</span> <span class='ocrx_word' id='word_1_132' title='bbox 794 1857 842 1917; x_wconf 93' lang='lat' dir='ltr'>hic</span> <span class='ocrx_word' id='word_1_133' title='bbox 855 1858 945 1917; x_wconf 90' lang='lat' dir='ltr'>voluit</span> <span class='ocrx_word' id='word_1_134' title='bbox 959 1858 1104 1917; x_wconf 90' lang='lat' dir='ltr'>mandatis</span> <span class='ocrx_word' id='word_1_135' title='bbox 1125 1868 1154 1917; x_wconf 89' lang='lat' dir='ltr'>et</span> <span class='ocrx_word' id='word_1_136' title='bbox 1175 1858 1293 1934; x_wconf 86' lang='lat' dir='ltr'>legibus</span> 
     </span>
     <span class='ocr_line' id='line_1_19' title="bbox 284 1964 1293 2041; baseline 0.002 -19"><span class='ocrx_word' id='word_1_137' title='bbox 284 1965 492 2041; x_wconf 88' lang='lat' dir='ltr'>imperatorum</span> <span class='ocrx_word' id='word_1_138' title='bbox 514 1964 661 2023; x_wconf 92' lang='lat' dir='ltr'>humiliter</span> <span class='ocrx_word' id='word_1_139' title='bbox 682 1965 838 2036; x_wconf 88' lang='lat' dir='ltr'>subiacere,</span> <span class='ocrx_word' id='word_1_140' title='bbox 853 1975 885 2023; x_wconf 93' lang='lat' dir='ltr'>ut</span> <span class='ocrx_word' id='word_1_141' title='bbox 909 1973 988 2040; x_wconf 89' lang='lat' dir='ltr'>patet</span> <span class='ocrx_word' id='word_1_142' title='bbox 1010 1984 1047 2023; x_wconf 87' lang='lat' dir='ltr'>ex</span> <span class='ocrx_word' id='word_1_143' title='bbox 1071 1965 1188 2023; x_wconf 90' lang='lat' dir='ltr'>decreto</span> <span class='ocrx_word' id='word_1_144' title='bbox 1210 1965 1293 2024; x_wconf 90' lang='lat' dir='ltr'>beati</span> 
     </span>
    </p>

    <p class='ocr_par' dir='ltr' id='par_1_13' title="bbox 75 2070 1372 2148">
     <span class='ocr_line' id='line_1_20' title="bbox 75 2070 1372 2148; baseline 0.002 -19"><span class='ocrx_word' id='word_1_145' title='bbox 75 2077 110 2120; x_wconf 83' lang='lat' dir='ltr'>on</span> <span class='ocrx_word' id='word_1_146' title='bbox 118 2076 156 2119; x_wconf 83' lang='lat' dir='ltr'>the</span> <span class='ocrx_word' id='word_1_147' title='bbox 164 2076 226 2119; x_wconf 78' lang='lat' dir='ltr'>other</span> <span class='ocrx_word' id='word_1_148' title='bbox 285 2071 431 2130; x_wconf 87' lang='lat' dir='ltr'>Ambrosii</span> <span class='ocrx_word' id='word_1_149' title='bbox 457 2072 496 2131; x_wconf 86' lang='lat' dir='ltr'>xi.</span> <span class='ocrx_word' id='word_1_150' title='bbox 517 2091 544 2148; x_wconf 92' lang='lat' dir='ltr'>q.</span> <span class='ocrx_word' id='word_1_151' title='bbox 566 2072 576 2128; x_wconf 94' lang='lat' dir='ltr'>i</span> <span class='ocrx_word' id='word_1_152' title='bbox 600 2071 744 2147; x_wconf 78' lang='lat' dir='ltr'>Magnum</span> <span class='ocrx_word' id='word_1_153' title='bbox 768 2072 900 2147; x_wconf 91' lang='lat' dir='ltr'>superius</span> <span class='ocrx_word' id='word_1_154' title='bbox 922 2072 1049 2131; x_wconf 91' lang='lat' dir='ltr'>recitato.</span> <span class='ocrx_word' id='word_1_155' title='bbox 1092 2070 1163 2130; x_wconf 94' lang='lat' dir='ltr'>Non</span> <span class='ocrx_word' id='word_1_156' title='bbox 1188 2081 1292 2130; x_wconf 89' lang='lat' dir='ltr'>autem</span> <span class='ocrx_word' id='word_1_157' title='bbox 1301 2083 1372 2132; x_wconf 87' lang='lat' dir='ltr'>Decr</span> 
     </span>
    </p>
   </div>
   <div class='ocr_carea' id='block_1_13' title="bbox 74 2128 1380 2198">
    <p class='ocr_par' dir='ltr' id='par_1_14' title="bbox 74 2128 1380 2198">
     <span class='ocr_line' id='line_1_21' title="bbox 74 2128 1380 2198; baseline 0.001 -29"><span class='ocrx_word' id='word_1_158' title='bbox 74 2128 268 2170; x_wconf 74' lang='lat' dir='ltr'>hmdnoonecau</span> <span class='ocrx_word' id='word_1_159' title='bbox 1302 2159 1327 2196; x_wconf 44' lang='lat' dir='ltr'>c·</span> <span class='ocrx_word' id='word_1_160' title='bbox 1337 2159 1380 2198; x_wconf 62' lang='lat' dir='ltr'>XL</span> 
     </span>
    </p>
   </div>
   <div class='ocr_carea' id='block_1_14' title="bbox 74 2175 1379 2281">
    <p class='ocr_par' dir='ltr' id='par_1_15' title="bbox 74 2175 1379 2281">
     <span class='ocr_line' id='line_1_22' title="bbox 74 2175 1379 2281; baseline 0.006 -50"><span class='ocrx_word' id='word_1_161' title='bbox 74 2178 268 2281; x_wconf 42' lang='lat' dir='ltr'>mamm&amp;</span> <span class='ocrx_word' id='word_1_162' title='bbox 284 2178 369 2236; x_wconf 93' lang='lat' dir='ltr'>video</span> <span class='ocrx_word' id='word_1_163' title='bbox 392 2178 473 2253; x_wconf 94' lang='lat' dir='ltr'>quod</span> <span class='ocrx_word' id='word_1_164' title='bbox 492 2178 581 2255; x_wconf 92' lang='lat' dir='ltr'>aliqui</span> <span class='ocrx_word' id='word_1_165' title='bbox 602 2178 658 2236; x_wconf 91' lang='lat' dir='ltr'>sint</span> <span class='ocrx_word' id='word_1_166' title='bbox 679 2177 746 2255; x_wconf 87' lang='lat' dir='ltr'>legii</span> <span class='ocrx_word' id='word_1_167' title='bbox 767 2178 925 2237; x_wconf 89' lang='lat' dir='ltr'>sacerdotis</span> <span class='ocrx_word' id='word_1_168' title='bbox 947 2178 1080 2250; x_wconf 89' lang='lat' dir='ltr'>cristiani,</span> <span class='ocrx_word' id='word_1_169' title='bbox 1097 2178 1149 2237; x_wconf 89' lang='lat' dir='ltr'>sed</span> <span class='ocrx_word' id='word_1_170' title='bbox 1170 2175 1324 2263; x_wconf 43' lang='lat' dir='ltr'>Cristi³,0·</span> <span class='ocrx_word' id='word_1_171' title='bbox 1337 2215 1379 2263; x_wconf 79' lang='lat'>28.</span> 
     </span>
    </p>
   </div>
   <div class='ocr_carea' id='block_1_15' title="bbox 74 2280 1378 3110">
    <p class='ocr_par' dir='ltr' id='par_1_16' title="bbox 74 2280 1293 2476">
     <span class='ocr_line' id='line_1_23' title="bbox 74 2280 1293 2374; baseline 0.004 -33"><span class='ocrx_word' id='word_1_172' title='bbox 74 2280 277 2374; x_wconf 51' lang='lat' dir='ltr'>ffigssllfgfcffist</span> <span class='ocrx_word' id='word_1_173' title='bbox 285 2285 335 2361; x_wconf 92' lang='lat' dir='ltr'>qui</span> <span class='ocrx_word' id='word_1_174' title='bbox 348 2285 517 2362; x_wconf 87' lang='lat' dir='ltr'>potestative</span> <span class='ocrx_word' id='word_1_175' title='bbox 533 2286 665 2344; x_wconf 90' lang='lat' dir='ltr'>condidit</span> <span class='ocrx_word' id='word_1_176' title='bbox 679 2285 775 2362; x_wconf 81' lang='lat' dir='ltr'>legem</span> <span class='ocrx_word' id='word_1_177' title='bbox 789 2303 881 2357; x_wconf 91' lang='lat' dir='ltr'>suam,</span> <span class='ocrx_word' id='word_1_178' title='bbox 893 2295 923 2343; x_wconf 91' lang='lat' dir='ltr'>ut</span> <span class='ocrx_word' id='word_1_179' title='bbox 934 2295 1014 2362; x_wconf 87' lang='lat' dir='ltr'>patet</span> <span class='ocrx_word' id='word_1_180' title='bbox 1028 2285 1153 2345; x_wconf 88' lang='lat' dir='ltr'>inferius.</span> <span class='ocrx_word' id='word_1_181' title='bbox 1191 2286 1293 2362; x_wconf 88' lang='lat' dir='ltr'>Ipsius</span> 
     </span>
     <span class='ocr_line' id='line_1_24' title="bbox 75 2382 1292 2476; baseline 0.002 -26"><span class='ocrx_word' id='word_1_182' title='bbox 75 2382 256 2476; x_wconf 55' lang='lat' dir='ltr'>ffssndtiffid,</span> <span class='ocrx_word' id='word_1_183' title='bbox 285 2404 383 2451; x_wconf 87' lang='lat' dir='ltr'>autern</span> <span class='ocrx_word' id='word_1_184' title='bbox 397 2402 510 2468; x_wconf 91' lang='lat' dir='ltr'>oportet</span> <span class='ocrx_word' id='word_1_185' title='bbox 524 2410 644 2451; x_wconf 92' lang='lat' dir='ltr'>omnem</span> <span class='ocrx_word' id='word_1_186' title='bbox 662 2392 831 2452; x_wconf 90' lang='lat' dir='ltr'>salvandum</span> <span class='ocrx_word' id='word_1_187' title='bbox 844 2411 908 2451; x_wconf 89' lang='lat' dir='ltr'>esse</span> <span class='ocrx_word' id='word_1_188' title='bbox 923 2392 1073 2451; x_wconf 90' lang='lat' dir='ltr'>hominem</span> <span class='ocrx_word' id='word_1_189' title='bbox 1086 2393 1203 2469; x_wconf 87' lang='lat' dir='ltr'>legium,</span> <span class='ocrx_word' id='word_1_190' title='bbox 1218 2411 1292 2452; x_wconf 91' lang='lat' dir='ltr'>cum</span> 
     </span>
    </p>

    <p class='ocr_par' dir='ltr' id='par_1_17' title="bbox 285 2499 1293 2576">
     <span class='ocr_line' id='line_1_25' title="bbox 285 2499 1293 2576; baseline 0.002 -18"><span class='ocrx_word' id='word_1_191' title='bbox 285 2500 321 2558; x_wconf 90' lang='lat' dir='ltr'>sit</span> <span class='ocrx_word' id='word_1_192' title='bbox 343 2500 447 2576; x_wconf 90' lang='lat' dir='ltr'>plenus</span> <span class='ocrx_word' id='word_1_193' title='bbox 470 2499 607 2558; x_wconf 86' lang='lat' dir='ltr'>dominus</span> <span class='ocrx_word' id='word_1_194' title='bbox 629 2509 657 2558; x_wconf 90' lang='lat' dir='ltr'>et</span> <span class='ocrx_word' id='word_1_195' title='bbox 681 2518 732 2558; x_wconf 86' lang='lat' dir='ltr'>rex</span> <span class='ocrx_word' id='word_1_196' title='bbox 755 2519 867 2576; x_wconf 86' lang='lat' dir='ltr'>regum.</span> <span class='ocrx_word' id='word_1_197' title='bbox 909 2499 973 2559; x_wconf 90' lang='lat' dir='ltr'>Nec</span> <span class='ocrx_word' id='word_1_198' title='bbox 987 2510 1083 2576; x_wconf 89' lang='lat' dir='ltr'>potest</span> <span class='ocrx_word' id='word_1_199' title='bbox 1099 2500 1293 2560; x_wconf 90' lang='lat' dir='ltr'>comunicare</span> 
     </span>
    </p>

    <p class='ocr_par' dir='ltr' id='par_1_18' title="bbox 284 2604 1378 2684">
     <span class='ocr_line' id='line_1_26' title="bbox 284 2604 1378 2684; baseline 0.002 -20"><span class='ocrx_word' id='word_1_200' title='bbox 284 2606 342 2665; x_wconf 89' lang='lat' dir='ltr'>hoc</span> <span class='ocrx_word' id='word_1_201' title='bbox 357 2607 418 2666; x_wconf 91' lang='lat' dir='ltr'>eius</span> <span class='ocrx_word' id='word_1_202' title='bbox 432 2607 549 2679; x_wconf 90' lang='lat' dir='ltr'>vicario,</span> <span class='ocrx_word' id='word_1_203' title='bbox 567 2604 582 2637; x_wconf 92' lang='lat'><strong><em>*</em></strong></span> <span class='ocrx_word' id='word_1_204' title='bbox 598 2625 666 2666; x_wconf 93' lang='lat' dir='ltr'>cum</span> <span class='ocrx_word' id='word_1_205' title='bbox 684 2625 745 2665; x_wconf 91' lang='lat' dir='ltr'>non</span> <span class='ocrx_word' id='word_1_206' title='bbox 765 2616 862 2684; x_wconf 92' lang='lat' dir='ltr'>potest</span> <span class='ocrx_word' id='word_1_207' title='bbox 880 2608 1056 2665; x_wconf 88' lang='lat' dir='ltr'>constituere</span> <span class='ocrx_word' id='word_1_208' title='bbox 1075 2608 1170 2684; x_wconf 93' lang='lat' dir='ltr'>ipsum</span> <span class='ocrx_word' id='word_1_209' title='bbox 1191 2606 1341 2665; x_wconf 82' lang='lat' dir='ltr'>deum.42</span> <span class='ocrx_word' id='word_1_210' title='bbox 1353 2627 1378 2662; x_wconf 80' lang='grc' dir='ltr'>ο.</span> 
     </span>
    </p>

    <p class='ocr_par' dir='ltr' id='par_1_19' title="bbox 285 2712 1293 2790">
     <span class='ocr_line' id='line_1_27' title="bbox 285 2712 1293 2790; baseline 0.003 -19"><span class='ocrx_word' id='word_1_211' title='bbox 285 2712 348 2771; x_wconf 84' lang='lat' dir='ltr'>Lex</span> <span class='ocrx_word' id='word_1_212' title='bbox 362 2731 433 2788; x_wconf 88' lang='lat' dir='ltr'>ergo</span> <span class='ocrx_word' id='word_1_213' title='bbox 448 2713 569 2772; x_wconf 89' lang='lat' dir='ltr'>ecclesie</span> <span class='ocrx_word' id='word_1_214' title='bbox 583 2714 755 2773; x_wconf 88' lang='lat' dir='ltr'>ascribenda</span> <span class='ocrx_word' id='word_1_215' title='bbox 769 2724 812 2772; x_wconf 93' lang='lat' dir='ltr'>est</span> <span class='ocrx_word' id='word_1_216' title='bbox 827 2714 970 2772; x_wconf 81' lang='lat' dir='ltr'>autentico</span> <span class='ocrx_word' id='word_1_217' title='bbox 985 2731 1096 2790; x_wconf 91' lang='lat' dir='ltr'>sponso</span> <span class='ocrx_word' id='word_1_218' title='bbox 1109 2714 1179 2771; x_wconf 89' lang='lat' dir='ltr'>eius.</span> <span class='ocrx_word' id='word_1_219' title='bbox 1222 2713 1293 2774; x_wconf 91' lang='lat' dir='ltr'>Alie</span> 
     </span>
    </p>

    <p class='ocr_par' dir='ltr' id='par_1_20' title="bbox 285 2819 1293 2898">
     <span class='ocr_line' id='line_1_28' title="bbox 285 2819 1293 2898; baseline 0.002 -21"><span class='ocrx_word' id='word_1_220' title='bbox 285 2830 382 2878; x_wconf 90' lang='lat' dir='ltr'>autem</span> <span class='ocrx_word' id='word_1_221' title='bbox 407 2820 487 2896; x_wconf 84' lang='lat' dir='ltr'>leges</span> <span class='ocrx_word' id='word_1_222' title='bbox 509 2820 661 2897; x_wconf 85' lang='lat' dir='ltr'>gentilium</span> <span class='ocrx_word' id='word_1_223' title='bbox 683 2830 833 2898; x_wconf 91' lang='lat' dir='ltr'>tamquam</span> <span class='ocrx_word' id='word_1_224' title='bbox 855 2819 1021 2896; x_wconf 87' lang='lat' dir='ltr'>imperfecte</span> <span class='ocrx_word' id='word_1_225' title='bbox 1042 2821 1259 2879; x_wconf 89' lang='lat' dir='ltr'>auctorisantur</span> <span class='ocrx_word' id='word_1_226' title='bbox 1274 2840 1293 2879; x_wconf 88' lang='lat' dir='ltr'>a</span> 
     </span>
    </p>

    <p class='ocr_par' dir='ltr' id='par_1_21' title="bbox 240 2926 1340 3004">
     <span class='ocr_line' id='line_1_29' title="bbox 240 2926 1340 3004; baseline 0.005 -21"><span class='ocrx_word' id='word_1_227' title='bbox 240 2927 243 2932; x_wconf 87' lang='grc'><strong>’</strong></span> <span class='ocrx_word' id='word_1_228' title='bbox 285 2926 410 3000; x_wconf 85' lang='lat' dir='ltr'>regibus.</span> <span class='ocrx_word' id='word_1_229' title='bbox 452 2927 490 2984; x_wconf 92' lang='lat' dir='ltr'>Et</span> <span class='ocrx_word' id='word_1_230' title='bbox 504 2926 559 2985; x_wconf 91' lang='lat' dir='ltr'>hec</span> <span class='ocrx_word' id='word_1_231' title='bbox 574 2927 654 2985; x_wconf 90' lang='lat' dir='ltr'>racio</span> <span class='ocrx_word' id='word_1_232' title='bbox 676 2939 704 2985; x_wconf 93' lang='lat' dir='ltr'>et</span> <span class='ocrx_word' id='word_1_233' title='bbox 718 2927 832 2986; x_wconf 87' lang='lat' dir='ltr'>frenum</span> <span class='ocrx_word' id='word_1_234' title='bbox 846 2926 1013 2985; x_wconf 89' lang='lat' dir='ltr'>humilitatis</span> <span class='ocrx_word' id='word_1_235' title='bbox 1031 2927 1181 2999; x_wconf 90' lang='lat' dir='ltr'>servande,</span> <span class='ocrx_word' id='word_1_236' title='bbox 1196 2945 1293 3004; x_wconf 88' lang='lat' dir='ltr'>quare</span> <span class='ocrx_word' id='word_1_237' title='bbox 1303 2943 1340 2992; x_wconf 69' lang='lat' dir='ltr'>(a.</span> 
     </span>
    </p>

    <p class='ocr_par' dir='ltr' id='par_1_22' title="bbox 74 3031 1294 3110">
     <span class='ocr_line' id='line_1_30' title="bbox 74 3031 1294 3110; baseline 0.005 -22"><span class='ocrx_word' id='word_1_238' title='bbox 74 3038 268 3092; x_wconf 81' lang='lat' dir='ltr'>Thatanchorites‚</span> <span class='ocrx_word' id='word_1_239' title='bbox 287 3031 422 3091; x_wconf 86' lang='lat' dir='ltr'>sacerdos</span> <span class='ocrx_word' id='word_1_240' title='bbox 441 3051 502 3092; x_wconf 90' lang='lat' dir='ltr'>non</span> <span class='ocrx_word' id='word_1_241' title='bbox 527 3032 613 3092; x_wconf 88' lang='lat' dir='ltr'>debet</span> <span class='ocrx_word' id='word_1_242' title='bbox 638 3034 756 3092; x_wconf 90' lang='lat' dir='ltr'>civiliter</span> <span class='ocrx_word' id='word_1_243' title='bbox 778 3034 929 3094; x_wconf 89' lang='lat' dir='ltr'>dominari.</span> <span class='ocrx_word' id='word_1_244' title='bbox 971 3033 1060 3092; x_wconf 90' lang='lat' dir='ltr'>Unde</span> <span class='ocrx_word' id='word_1_245' title='bbox 1085 3044 1230 3110; x_wconf 91' lang='lat' dir='ltr'>quantum</span> <span class='ocrx_word' id='word_1_246' title='bbox 1254 3035 1294 3094; x_wconf 90' lang='lat' dir='ltr'>ad</span> 
     </span>
    </p>
   </div>
   <div class='ocr_carea' id='block_1_16' title="bbox 75 3091 1387 3218">
    <p class='ocr_par' dir='ltr' id='par_1_23' title="bbox 75 3091 1387 3218">
     <span class='ocr_line' id='line_1_31' title="bbox 75 3091 1387 3218; baseline 0.005 -24"><span class='ocrx_word' id='word_1_247' title='bbox 75 3091 259 3183; x_wconf 50' lang='lat' dir='ltr'>ffifflffi</span> <span class='ocrx_word' id='word_1_248' title='bbox 286 3137 387 3197; x_wconf 87' lang='lat' dir='ltr'>fratres</span> <span class='ocrx_word' id='word_1_249' title='bbox 411 3140 577 3215; x_wconf 85' lang='lat' dir='ltr'>anagoritas</span> <span class='ocrx_word' id='word_1_250' title='bbox 599 3151 628 3200; x_wconf 89' lang='lat' dir='ltr'>et</span> <span class='ocrx_word' id='word_1_251' title='bbox 650 3141 805 3200; x_wconf 86' lang='lat' dir='ltr'>heremitas</span> <span class='ocrx_word' id='word_1_252' title='bbox 826 3141 1050 3218; x_wconf 87' lang='lat' dir='ltr'>exproprietarie</span> <span class='ocrx_word' id='word_1_253' title='bbox 1073 3141 1201 3199; x_wconf 90' lang='lat' dir='ltr'>viventes</span> <span class='ocrx_word' id='word_1_254' title='bbox 1228 3160 1338 3212; x_wconf 80' lang='lat' dir='ltr'>non25</span> <span class='ocrx_word' id='word_1_255' title='bbox 1384 3194 1387 3201; x_wconf 90' lang='lat'><em>.</em></span> 
     </span>
    </p>
   </div>
   <div class='ocr_carea' id='block_1_17' title="bbox 74 3192 1340 4181">
    <p class='ocr_par' dir='ltr' id='par_1_24' title="bbox 74 3192 1295 3344">
     <span class='ocr_line' id='line_1_32' title="bbox 74 3192 1295 3344; baseline 0.006 -42"><span class='ocrx_word' id='word_1_256' title='bbox 74 3192 278 3344; x_wconf 46' lang='grc' dir='ltr'>Ξὶἕξιὶῐὶνιὲῗὲϊ</span> <span class='ocrx_word' id='word_1_257' title='bbox 287 3245 409 3303; x_wconf 90' lang='lat' dir='ltr'>dubium</span> <span class='ocrx_word' id='word_1_258' title='bbox 431 3246 503 3321; x_wconf 93' lang='lat' dir='ltr'>quin</span> <span class='ocrx_word' id='word_1_259' title='bbox 526 3247 583 3305; x_wconf 92' lang='lat' dir='ltr'>sint</span> <span class='ocrx_word' id='word_1_260' title='bbox 604 3248 738 3306; x_wconf 91' lang='lat' dir='ltr'>homines</span> <span class='ocrx_word' id='word_1_261' title='bbox 759 3248 825 3325; x_wconf 81' lang='lat' dir='ltr'>legii</span> <span class='ocrx_word' id='word_1_262' title='bbox 848 3265 951 3325; x_wconf 86' lang='lat' dir='ltr'>regum</span> <span class='ocrx_word' id='word_1_263' title='bbox 975 3256 1058 3318; x_wconf 90' lang='lat' dir='ltr'>terre,</span> <span class='ocrx_word' id='word_1_264' title='bbox 1079 3260 1148 3306; x_wconf 91' lang='lat' dir='ltr'>cum</span> <span class='ocrx_word' id='word_1_265' title='bbox 1169 3259 1295 3324; x_wconf 89' lang='lat' dir='ltr'>propter</span> 
     </span>
    </p>

    <p class='ocr_par' dir='ltr' id='par_1_25' title="bbox 75 3343 1340 4181">
     <span class='ocr_line' id='line_1_33' title="bbox 75 3343 1295 3447; baseline 0.003 -36"><span class='ocrx_word' id='word_1_266' title='bbox 75 3343 241 3447; x_wconf 50' lang='lat' dir='ltr'>{lgglseffif</span> <span class='ocrx_word' id='word_1_267' title='bbox 285 3353 495 3429; x_wconf 89' lang='lat' dir='ltr'>prodicionem,</span> <span class='ocrx_word' id='word_1_268' title='bbox 520 3355 791 3432; x_wconf 89' lang='lat' dir='ltr'>depopulacionem,</span> <span class='ocrx_word' id='word_1_269' title='bbox 820 3355 1007 3426; x_wconf 89' lang='lat' dir='ltr'>occisionem,</span> <span class='ocrx_word' id='word_1_270' title='bbox 1028 3355 1074 3412; x_wconf 93' lang='lat' dir='ltr'>vel</span> <span class='ocrx_word' id='word_1_271' title='bbox 1104 3355 1191 3413; x_wconf 88' lang='lat' dir='ltr'>aliam</span> <span class='ocrx_word' id='word_1_272' title='bbox 1220 3355 1295 3415; x_wconf 88' lang='lat' dir='ltr'>foris</span> 
     </span>
     <span class='ocr_line' id='line_1_34' title="bbox 284 3458 1295 3539; baseline 0.007 -23"><span class='ocrx_word' id='word_1_273' title='bbox 284 3458 426 3519; x_wconf 88' lang='lat' dir='ltr'>facturam</span> <span class='ocrx_word' id='word_1_274' title='bbox 440 3480 591 3521; x_wconf 91' lang='lat' dir='ltr'>enormem</span> <span class='ocrx_word' id='word_1_275' title='bbox 605 3473 720 3539; x_wconf 90' lang='lat' dir='ltr'>oportet</span> <span class='ocrx_word' id='word_1_276' title='bbox 741 3480 794 3522; x_wconf 88' lang='lat' dir='ltr'>eos</span> <span class='ocrx_word' id='word_1_277' title='bbox 817 3462 966 3522; x_wconf 91' lang='lat' dir='ltr'>convictos</span> <span class='ocrx_word' id='word_1_278' title='bbox 987 3460 1024 3518; x_wconf 90' lang='lat' dir='ltr'>de</span> <span class='ocrx_word' id='word_1_279' title='bbox 1045 3461 1166 3520; x_wconf 91' lang='lat' dir='ltr'>crimine</span> <span class='ocrx_word' id='word_1_280' title='bbox 1186 3464 1295 3538; x_wconf 87' lang='lat' dir='ltr'>patriis</span> 
     </span>
     <span class='ocr_line' id='line_1_35' title="bbox 285 3567 1295 3646; baseline 0.006 -22"><span class='ocrx_word' id='word_1_281' title='bbox 285 3567 397 3643; x_wconf 88' lang='lat' dir='ltr'>legibus</span> <span class='ocrx_word' id='word_1_282' title='bbox 420 3569 576 3628; x_wconf 90' lang='lat' dir='ltr'>subiacere.</span> <span class='ocrx_word' id='word_1_283' title='bbox 619 3569 780 3642; x_wconf 91' lang='lat' dir='ltr'>Quomodo</span> <span class='ocrx_word' id='word_1_284' title='bbox 801 3587 895 3646; x_wconf 89' lang='lat' dir='ltr'>queso</span> <span class='ocrx_word' id='word_1_285' title='bbox 915 3567 1103 3645; x_wconf 89' lang='lat' dir='ltr'>multiplicata</span> <span class='ocrx_word' id='word_1_286' title='bbox 1125 3568 1180 3629; x_wconf 92' lang='lat' dir='ltr'>hac</span> <span class='ocrx_word' id='word_1_287' title='bbox 1198 3581 1295 3646; x_wconf 87' lang='lat' dir='ltr'>gente</span> 
     </span>
     <span class='ocr_line' id='line_1_36' title="bbox 285 3675 1340 3754; baseline 0.009 -21"><span class='ocrx_word' id='word_1_288' title='bbox 285 3675 366 3733; x_wconf 91' lang='lat' dir='ltr'>aliter</span> <span class='ocrx_word' id='word_1_289' title='bbox 380 3686 466 3735; x_wconf 88' lang='lat' dir='ltr'>staret</span> <span class='ocrx_word' id='word_1_290' title='bbox 479 3677 622 3752; x_wconf 82' lang='lat' dir='ltr'>regnum?</span> <span class='ocrx_word' id='word_1_291' title='bbox 664 3677 752 3736; x_wconf 91' lang='lat' dir='ltr'>Unde</span> <span class='ocrx_word' id='word_1_292' title='bbox 772 3677 847 3735; x_wconf 89' lang='lat' dir='ltr'>inter</span> <span class='ocrx_word' id='word_1_293' title='bbox 868 3676 939 3735; x_wconf 89' lang='lat' dir='ltr'>alias</span> <span class='ocrx_word' id='word_1_294' title='bbox 959 3677 1166 3735; x_wconf 91' lang='lat' dir='ltr'>accusaciones</span> <span class='ocrx_word' id='word_1_295' title='bbox 1181 3677 1340 3754; x_wconf 81' lang='lat' dir='ltr'>quibus30</span> 
     </span>
     <span class='ocr_line' id='line_1_37' title="bbox 285 3781 1294 3846; baseline 0.006 -7"><span class='ocrx_word' id='word_1_296' title='bbox 285 3781 450 3841; x_wconf 86' lang='lat' dir='ltr'>sacerdotes</span> <span class='ocrx_word' id='word_1_297' title='bbox 474 3782 544 3842; x_wconf 83' lang='lat' dir='ltr'>false</span> <span class='ocrx_word' id='word_1_298' title='bbox 572 3794 777 3843; x_wconf 87' lang='lat' dir='ltr'>accusaverant</span> <span class='ocrx_word' id='word_1_299' title='bbox 804 3783 903 3842; x_wconf 89' lang='lat' dir='ltr'>Iesum</span> <span class='ocrx_word' id='word_1_300' title='bbox 930 3791 1064 3842; x_wconf 90' lang='lat' dir='ltr'>nostrum</span> <span class='ocrx_word' id='word_1_301' title='bbox 1088 3782 1166 3843; x_wconf 71' lang='lat' dir='ltr'>hec*</span> <span class='ocrx_word' id='word_1_302' title='bbox 1187 3783 1294 3846; x_wconf 86' lang='lat' dir='ltr'>habuit</span> 
     </span>
     <span class='ocr_line' id='line_1_38' title="bbox 286 3889 1290 3967; baseline 0.007 -22"><span class='ocrx_word' id='word_1_303' title='bbox 286 3889 441 3946; x_wconf 91' lang='lat' dir='ltr'>minimum</span> <span class='ocrx_word' id='word_1_304' title='bbox 462 3889 721 3967; x_wconf 90' lang='lat' dir='ltr'>improbabilitatis,</span> <span class='ocrx_word' id='word_1_305' title='bbox 736 3890 817 3967; x_wconf 93' lang='lat' dir='ltr'>quod</span> <span class='ocrx_word' id='word_1_306' title='bbox 831 3891 1032 3967; x_wconf 86' lang='lat' dir='ltr'>imposuerunt</span> <span class='ocrx_word' id='word_1_307' title='bbox 1051 3891 1114 3964; x_wconf 90' lang='lat' dir='ltr'>sibi,</span> <span class='ocrx_word' id='word_1_308' title='bbox 1131 3892 1184 3950; x_wconf 92' lang='lat' dir='ltr'>sed</span> <span class='ocrx_word' id='word_1_309' title='bbox 1203 3891 1290 3967; x_wconf 88' lang='lat' dir='ltr'>false,</span> 
     </span>
     <span class='ocr_line' id='line_1_39' title="bbox 287 3995 1292 4075; baseline 0.004 -21"><span class='ocrx_word' id='word_1_310' title='bbox 287 3996 367 4072; x_wconf 93' lang='lat' dir='ltr'>quod</span> <span class='ocrx_word' id='word_1_311' title='bbox 381 3995 527 4072; x_wconf 90' lang='lat' dir='ltr'>prohibuit</span> <span class='ocrx_word' id='word_1_312' title='bbox 541 3998 649 4055; x_wconf 90' lang='lat' dir='ltr'>tributa</span> <span class='ocrx_word' id='word_1_313' title='bbox 663 3996 724 4056; x_wconf 89' lang='lat' dir='ltr'>dari</span> <span class='ocrx_word' id='word_1_314' title='bbox 739 3995 847 4056; x_wconf 89' lang='lat' dir='ltr'>Cesari.</span> <span class='ocrx_word' id='word_1_315' title='bbox 891 3996 985 4072; x_wconf 87' lang='lat' dir='ltr'>False,</span> <span class='ocrx_word' id='word_1_316' title='bbox 1002 3998 1077 4071; x_wconf 91' lang='lat' dir='ltr'>dico,</span> <span class='ocrx_word' id='word_1_317' title='bbox 1093 3998 1163 4075; x_wconf 92' lang='lat' dir='ltr'>quia</span> <span class='ocrx_word' id='word_1_318' title='bbox 1177 3997 1243 4074; x_wconf 90' lang='lat' dir='ltr'>ipse</span> <span class='ocrx_word' id='word_1_319' title='bbox 1259 4000 1292 4058; x_wconf 89' lang='lat' dir='ltr'>in</span> 
     </span>
     <span class='ocr_line' id='line_1_40' title="bbox 286 4103 1291 4181; baseline 0.005 -22"><span class='ocrx_word' id='word_1_320' title='bbox 286 4120 412 4178; x_wconf 89' lang='lat' dir='ltr'>persona</span> <span class='ocrx_word' id='word_1_321' title='bbox 434 4121 487 4162; x_wconf 90' lang='lat' dir='ltr'>sua</span> <span class='ocrx_word' id='word_1_322' title='bbox 508 4103 605 4162; x_wconf 86' lang='lat' dir='ltr'>tribuit</span> <span class='ocrx_word' id='word_1_323' title='bbox 626 4112 655 4163; x_wconf 91' lang='lat' dir='ltr'>et</span> <span class='ocrx_word' id='word_1_324' title='bbox 675 4104 748 4164; x_wconf 91' lang='lat' dir='ltr'>alios</span> <span class='ocrx_word' id='word_1_325' title='bbox 771 4105 850 4181; x_wconf 90' lang='lat' dir='ltr'>quod</span> <span class='ocrx_word' id='word_1_326' title='bbox 872 4105 974 4163; x_wconf 92' lang='lat' dir='ltr'>darent</span> <span class='ocrx_word' id='word_1_327' title='bbox 997 4106 1086 4164; x_wconf 90' lang='lat' dir='ltr'>verbo</span> <span class='ocrx_word' id='word_1_328' title='bbox 1108 4105 1237 4180; x_wconf 89' lang='lat' dir='ltr'>edocuit,</span> <span class='ocrx_word' id='word_1_329' title='bbox 1258 4114 1291 4164; x_wconf 91' lang='lat' dir='ltr'>ut</span> 
     </span>
    </p>
   </div>
   <div class='ocr_carea' id='block_1_18' title="bbox 286 4250 1289 4396">
    <p class='ocr_par' dir='ltr' id='par_1_26' title="bbox 286 4250 1289 4396">
     <span class='ocr_line' id='line_1_41' title="bbox 319 4250 1289 4319; baseline 0.005 -19"><span class='ocrx_word' id='word_1_330' title='bbox 319 4250 328 4278; x_wconf 87' lang='lat'>¹</span> <span class='ocrx_word' id='word_1_331' title='bbox 344 4252 413 4315; x_wconf 89' lang='lat' dir='ltr'>quod</span> <span class='ocrx_word' id='word_1_332' title='bbox 424 4268 489 4302; x_wconf 90' lang='lat' dir='ltr'>omn.</span> <span class='ocrx_word' id='word_1_333' title='bbox 501 4252 561 4317; x_wconf 88' lang='lat' dir='ltr'>legii</span> <span class='ocrx_word' id='word_1_334' title='bbox 575 4259 631 4302; x_wconf 89' lang='lat' dir='ltr'>suut</span> <span class='ocrx_word' id='word_1_335' title='bbox 645 4253 713 4302; x_wconf 92' lang='lat' dir='ltr'>hom.</span> <span class='ocrx_word' id='word_1_336' title='bbox 725 4254 803 4317; x_wconf 86' lang='lat' dir='ltr'>pred,</span> <span class='ocrx_word' id='word_1_337' title='bbox 815 4254 867 4305; x_wconf 80' lang='lat' dir='ltr'>ord.</span> <span class='ocrx_word' id='word_1_338' title='bbox 882 4254 936 4304; x_wconf 82' lang='lat' dir='ltr'>inv.</span> <span class='ocrx_word' id='word_1_339' title='bbox 948 4267 975 4304; x_wconf 79' lang='lat' dir='ltr'>A.</span> <span class='ocrx_word' id='word_1_340' title='bbox 1041 4253 1051 4284; x_wconf 77' lang='lat'>²</span> <span class='ocrx_word' id='word_1_341' title='bbox 1067 4255 1104 4304; x_wconf 88' lang='lat' dir='ltr'>sic</span> <span class='ocrx_word' id='word_1_342' title='bbox 1116 4262 1166 4319; x_wconf 78' lang='lat' dir='ltr'>pro</span> <span class='ocrx_word' id='word_1_343' title='bbox 1177 4255 1249 4318; x_wconf 82' lang='lat' dir='ltr'>sicut,</span> <span class='ocrx_word' id='word_1_344' title='bbox 1261 4267 1289 4305; x_wconf 81' lang='grc' dir='ltr'>Δ.</span> 
     </span>
     <span class='ocr_line' id='line_1_42' title="bbox 286 4328 777 4396; baseline 0.006 -19"><span class='ocrx_word' id='word_1_345' title='bbox 286 4328 472 4392; x_wconf 56' lang='lat' dir='ltr'>&#39;Christum</span> <span class='ocrx_word' id='word_1_346' title='bbox 539 4331 612 4395; x_wconf 74' lang='lat' dir='ltr'>⁴que</span> <span class='ocrx_word' id='word_1_347' title='bbox 623 4331 738 4396; x_wconf 77' lang='lat' dir='ltr'>prohec,</span> <span class='ocrx_word' id='word_1_348' title='bbox 751 4345 777 4380; x_wconf 78' lang='lat' dir='ltr'>A.</span> 
     </span>
    </p>
   </div>
   <div class='ocr_carea' id='block_1_19' title="bbox 1335 1610 1407 1674">
    <p class='ocr_par' dir='ltr' id='par_1_27' title="bbox 1335 1610 1407 1674">
     <span class='ocr_line' id='line_1_43' title="bbox 1335 1610 1407 1674; baseline 0.028 -16"><span class='ocrx_word' id='word_1_349' title='bbox 1335 1622 1358 1659; x_wconf 90' lang='lat'>11</span> <span class='ocrx_word' id='word_1_350' title='bbox 1376 1610 1407 1674; x_wconf 89' lang='lat' dir='ltr'>Q.</span> 
     </span>
    </p>
   </div>
   <div class='ocr_carea' id='block_1_20' title="bbox 0 0 1419 5048">
    <p class='ocr_par' dir='ltr' id='par_1_28' title="bbox 0 0 1419 5048">
     <span class='ocr_line' id='line_1_44' title="bbox 0 0 1419 5048; baseline 0 0"><span class='ocrx_word' id='word_1_351' title='bbox 0 0 1419 5048; x_wconf 95' lang='lat' dir='ltr'> </span> 
     </span>
    </p>
   </div>
  </div>
 </body>
</html>
