2828 5048
636 423 685 472 DE
708 421 857 475 OFFICIO
880 421 998 475 REGIS.

319 581 446 659 capitulo
463 581 527 640 libri
546 579 596 659 iii).
634 579 672 638 In
694 583 752 653 hoc,
772 581 866 658 inquit
882 581 1071 658 Augustinus
1091 598 1175 657 reges
1192 582 1323 640 seruiunt

319 688 443 748 Domino
465 696 600 764 tanquam
622 707 707 764 reges,
731 708 793 747 cunt
814 709 847 747 eo
860 690 984 767 sacrant
1006 689 1048 746 ad
1066 689 1241 746 seruiendum
1267 690 1321 760 illi,

297 808 369 871 'que
395 815 449 853 non
470 802 591 872 possunt
610 796 712 873 facere
742 797 803 853 nisi
827 815 910 872 reges.
954 793 1078 872 Oportet
1105 795 1192 872 igitur
1219 813 1326 872 regem·

319 912 443 960 statuere
457 902 536 979 leges
550 902 641 960 iustas
655 911 684 960 et
697 921 750 978 per
764 920 949 980 consequens
963 902 1027 979 lege
1048 901 1161 960 domini
1174 901 1322 978 regulatas
1410 906 1412 913 '

316 1020 347 1068 ut
370 1008 531 1067 secundum
556 1008 618 1066 illos
646 1017 707 1067 tam
731 1009 794 1086 ipse
822 1026 912 1087 quam
939 1009 984 1067 sui
1006 1009 1115 1068 subditi
1138 1009 1265 1068 serviant
1289 1008 1320 1066 in

107 1114 216 1156 meram
224 1121 281 1155 Μ
314 1116 426 1175 iusticia
450 1115 506 1173 deo
531 1133 592 1174 suo.
634 1115 672 1173 Et
694 1126 774 1192 patet
796 1115 956 1193 prudencia
979 1116 1059 1192 quod
1083 1115 1163 1193 leges
1184 1115 1232 1173 ille
1261 1094 1363 1173 sintrd

107 1165 134 1206 be
142 1167 190 1208 seve.

107 1217 297 1308 {hssttffidgnoe
316 1241 417 1299 pauce.
458 1221 557 1280 Primo
572 1221 640 1298 quia
655 1231 721 1280 sunt
735 1222 910 1300 principales
920 1222 1096 1295 excedentes
1111 1230 1219 1280 statum
1234 1221 1319 1281 inno-

1333 1300 1341 1351 l

107 1318 282 1410 gissuffgnmffssfi
316 1330 429 1402 cencie3
446 1329 482 1388 de
497 1329 602 1387 talibus
617 1338 714 1388 autem
729 1339 844 1406 oportet
864 1347 963 1389 servos
978 1329 1024 1388 dei
1039 1329 1135 1389 solurn
1150 1328 1322 1388 necessariis
1338 1356 1345 1397 t

107 1418 285 1511 ffifflss‘h‘
316 1437 486 1509 contentari,
497 1436 566 1514 quia
584 1435 878 1512 superhabundancia
897 1436 1070 1496 distraheret
1086 1436 1283 1513 multipliciter
1304 1454 1323 1494 a
1340 1404 1351 1535 l

107 1545 382 1636 fgwfftgffi‘mnt'lege
401 1544 456 1604 dei.
497 1543 635 1602 Secundo
657 1543 725 1618 quia
747 1542 903 1602 multitudo
928 1544 1027 1620 legum
1045 1544 1147 1603 talium
1168 1551 1323 1620 generaret
1332 1544 1363 1580 ¹0

107 1645 272 1746 g‘gflffigjmd
317 1651 520 1711 confusionem
548 1661 576 1709 et
604 1650 824 1708 intricacionem
851 1650 890 1709 ad
917 1651 996 1727 ipsas
1025 1649 1269 1728 cognoscendum
1293 1657 1323 1708 et

107 1745 250 1799 interpretes
318 1759 533 1836 exequendum,
546 1767 574 1816 et
592 1776 644 1834 per
660 1775 845 1834 consequens
861 1758 1050 1816 necessitaret
1069 1757 1107 1816 ad
1125 1756 1323 1834 multiplican-

318 1866 387 1925 dum
397 1865 540 1943 populum
555 1882 608 1941 pro
618 1864 687 1941 ipsis
697 1863 852 1935 discendis,
861 1873 890 1922 et
897 1864 1077 1923 subtraheret
1089 1865 1323 1940 occupacionem

107 1988 243 2037 [Excenenee
252 1987 274 2029 rn
317 1974 480 2051 sapientum
494 1972 576 2048 regni
591 1989 646 2048 pro
660 1970 729 2048 ipsis
741 1949 979 2048 interpretandis:
1008 1971 1047 2029 Et
1061 1971 1129 2029 hinc
1143 1970 1224 2047 leges
1238 1971 1322 2047 regni

107 2039 277 2132 iifrievispicl⁰s
315 2079 423 2155 Anglie
441 2078 586 2138 excellunt
606 2078 707 2154 leges¹
727 2078 898 2154 imperiales
914 2097 983 2138 cum
1000 2079 1058 2137 sint
1074 2096 1168 2155 pauce
1186 2087 1344 2153 respectu1

107 2141 229 2193 Eutime]
316 2205 425 2258 earum,
454 2186 522 2262 quia
549 2203 637 2261 supra
671 2202 766 2260 pauca
792 2185 934 2262 principia
968 2185 1135 2262 relinquunt
1173 2183 1322 2242 residuum
1348 2216 1360 2263 t

106 2299 308 2391 affimant
317 2292 443 2370 epikerie
457 2292 630 2369 sapientum.
672 2292 711 2350 Et
725 2292 815 2350 tercio
829 2293 972 2368 colligitur
992 2291 1073 2370 quod
1087 2291 1151 2349 talis
1165 2289 1322 2349 multitudo

107 2400 301 2442 interamna
315 2399 391 2457 soret
414 2416 506 2474 regno
531 2399 627 2473 gravis
652 2407 740 2474 atque
767 2398 893 2457 inutilis:
916 2398 1020 2475 gravis,
1050 2398 1119 2474 quia
1147 2396 1322 2456 distraheret

107 2451 193 2494 um
316 2505 452 2565 homines
473 2522 621 2563 armorum
640 2505 678 2564 ad
701 2505 762 2564 eius
776 2504 993 2564 intendenciam
1010 2514 1131 2581 propter
1149 2503 1272 2574 lucrum,
1291 2513 1323 2563 et

315 2612 455 2690 precipue
478 2612 550 2670 tales
575 2611 737 2670 secundum
767 2611 949 2670 mundanam
977 2611 1155 2688 sapienciam
1182 2600 1363 2688 multipli-ao

203 2704 237 2742 ·’
316 2727 416 2777 carent
450 2719 481 2777 in
515 2736 608 2795 regno
643 2718 760 2777 iniurias
795 2728 915 2796 propter
948 2728 1085 2795 questum
1113 2727 1143 2776 et
1168 2717 1323 2776 libidinem

316 2825 487 2885 dominandi
493 2845 500 2898 ;
516 2835 545 2884 et
562 2825 632 2884 illud
652 2826 810 2884 minaretur
829 2825 942 2884 ruinam
963 2826 1055 2902 regni,
1067 2843 1135 2884 cum
1156 2825 1321 2884 secundum
1330 2828 1413 2880 meles

316 2932 479 3009 sapientem
503 2942 622 3009 propter
644 2932 717 2990 tales
738 2932 858 2991 iniurias
880 2932 1016 2991 transfert
1041 2932 1113 2991 deus
1135 2949 1262 3008 regnum
1283 2932 1321 2992 de

316 3056 376 3097 una
390 3047 477 3114 gente
498 3038 528 3095 in
542 3038 672 3097 alteram.
725 3039 884 3099 Multitudo
899 3040 985 3116 igitur
999 3039 1097 3115 legum
1108 3039 1210 3097 talium
1223 3049 1322 3115 preter
1331 3051 1363 3097 L.
1408 3049 1412 3057 '

109 3131 221 3217 secontry,
230 3156 267 3198 the
318 3144 483 3203 necessaria
496 3143 571 3202 soret
587 3145 694 3204 inutilis
709 3154 737 3204 et
751 3147 862 3206 nociva.
887 3145 945 3206 Sed
960 3146 1122 3206 secundum
1136 3155 1180 3204 est
1191 3163 1282 3222 sagax
1293 3157 1322 3205 et
1332 3159 1360 3193 a·

108 3214 285 3350 ἶῖεῗνυίἑζῖυῗω
318 3261 403 3310 acuta
427 3251 566 3311 execucio
587 3251 660 3328 legis
682 3252 773 3328 regni,
799 3254 823 3312 si
848 3253 927 3312 enim
949 3253 996 3312 lex
1012 3253 1096 3329 regni
1116 3261 1240 3311 executa
1260 3270 1323 3312 non

108 3322 200 3390 pronis,
319 3357 405 3417 fuerit
419 3358 470 3417 sed
485 3358 588 3435 sopita,
604 3368 674 3417 tunc
688 3359 815 3435 dignitas
839 3361 944 3438 regalis
963 3360 1189 3436 contempnitur,
1206 3358 1324 3418 lacinus

108 3458 280 3552 ξῇἷξξῐῑζνψῑη
319 3474 348 3525 et
362 3464 466 3523 iniuria
485 3465 516 3522 in
530 3483 623 3542 regno
640 3465 824 3542 dispergitur,
844 3477 872 3525 et
895 3485 948 3544 per
964 3484 1147 3543 consequens
1164 3467 1325 3544 utrobique.

109 3571 226 3614 ⁶⁰¹²‘⁶¹¹¹P‘·
320 3571 465 3631 Cristiana
479 3572 581 3648 religio
600 3572 763 3649 impeditur.
806 3572 885 3631 Nam
905 3572 1197 3650 proporcionabiliter
1210 3582 1242 3631 ut
1257 3574 1323 3650 quis

319 3679 411 3756 diligit
429 3697 527 3756 regern
542 3679 632 3755 diligit
647 3680 709 3738 eius
723 3679 826 3756 legem,
847 3698 915 3739 cum
932 3681 974 3738 sic
989 3680 1025 3738 sit
1039 3680 1075 3738 de
1090 3677 1186 3738 Cristo
1207 3679 1322 3745 dicente
1361 3712 1367 3719 ·

319 3786 459 3846 Iohannis
484 3787 550 3845 xiiii.
572 3785 672 3861 Siquis
694 3787 791 3863 dz'lzgz't
811 3806 853 3846 me
878 3788 1046 3846 sermonem²
1073 3805 1160 3845 meum
1190 3787 1320 3846 servabit.
1407 3826 1413 3846 .

318 3891 356 3950 Et
379 3892 527 3969 peridem
547 3893 588 3951 sic
605 3902 648 3951 est
668 3893 703 3951 de
720 3893 848 3970 quolibet
868 3895 929 3953 eius
948 3894 1065 3966 vicario,
1075 3893 1124 3970 qui
1143 3910 1205 3973 non
1224 3894 1322 3953 solum
1398 3907 1401 3911 ·

318 4017 356 4058 ex
388 4017 516 4076 persona
543 4000 664 4076 propria
692 3999 745 4057 sed
772 4018 809 4058 ex
840 4001 867 4057 vi
900 4001 1101 4080 comunitatis⁴
1119 4001 1207 4060 totius
1238 4001 1323 4080 regni

317 4106 361 4165 sui
379 4106 500 4164 mandat
518 4115 551 4164 ut
570 4105 612 4165 sic
632 4104 761 4181 legaliter
782 4107 959 4183 procedatur
968 4108 986 4167 ³.
1028 4107 1126 4167 Deum
1142 4107 1231 4185 igitur
1247 4125 1322 4168 con·

315 4213 446 4295 tempnit,
472 4230 572 4288 regem
595 4222 625 4273 et
647 4229 779 4287 regnum,
800 4213 851 4298 qui
875 4213 1011 4274 frustrat⁴
1035 4225 1095 4279 tam
1121 4214 1268 4277 racionale
1295 4224 1324 4274 et
1404 4240 1407 4244 ·

317 4331 325 4358 ¹
337 4348 383 4383 om.
391 4333 466 4400 leges,
473 4346 499 4383 n.
520 4332 530 4361 ²
541 4333 896 4398 servitionemprosermonem,
901 4347 927 4385 Α.
948 4334 1321 4401 ³proceditur,n.·‘⁴,srustrc‚13.
