2828 5048
112 456 176 523 194
640 453 690 503 DE
711 451 860 503 OFFICIO
883 450 1003 502 REGIS.

108 631 296 683 concivium,
318 611 348 669 in
362 620 505 689 quantum
520 621 563 670 est
586 611 690 670 doctor
713 609 853 670 civilitatis
876 627 999 668 romane
1020 626 1110 684 quam
1131 608 1322 685 inquantum

108 683 239 793 ἶῗιὲξέῗοξῖι
249 733 310 777 wiu-
318 728 362 778 est
370 719 541 777 iusticiarius
552 718 620 777 iuris
629 717 743 794 Anglie.
778 717 818 774 Et
831 717 981 794 quamvis¹
995 716 1040 774 ius
1054 715 1171 792 Anglie,
1183 716 1258 775 sicut
1273 711 1323 773 etl
1371 731 1374 737 ·

108 792 177 828 m
317 826 363 885 ius
377 844 530 886 romanum
548 825 602 884 sit³
615 825 831 884 necessarium⁴
845 824 883 882 ad
900 823 1077 884 intellectum
1092 824 1162 882 iuris
1176 822 1319 894 canonici,

317 933 369 992 sed
389 933 434 992 ius
449 932 619 992 Romanum
641 933 829 1005 necessarius
843 940 941 991 tamen
964 932 1009 990 ius
1029 931 1204 991 canonicum
1224 940 1320 1006 potest
1367 954 1368 959 ¹

315 1040 443 1118 perfecte
471 1040 537 1099 sciri
564 1040 595 1097 in
623 1058 675 1098 sua
703 1041 827 1116 puritate
857 1040 919 1098 sine
948 1040 1009 1097 iure
1037 1039 1121 1098 civili.
1166 1038 1246 1097 Nam
1275 1037 1342 1094 ius5

316 1147 438 1206 ecclesie
456 1165 517 1205 non
541 1147 647 1222 accipit
668 1147 871 1205 auctoritatem
893 1165 911 1205 a
933 1146 994 1206 iure
1015 1146 1100 1216 civili,
1121 1163 1190 1204 cum
1212 1145 1248 1203 sit
1269 1144 1319 1202 illo

315 1254 463 1330 superius3
494 1271 548 1312 nee
572 1254 656 1312 obest
681 1253 735 1311 sibi
760 1253 841 1329 quod
869 1253 988 1312 civilitas
1013 1253 1050 1312 sit
1077 1253 1132 1312 sibi
1161 1253 1318 1311 contraria.

315 1359 388 1419 Ideo
411 1360 553 1436 allegacio
575 1360 644 1419 iuris
667 1360 755 1419 civilis
779 1359 817 1418 ad
841 1362 930 1419 robur
952 1360 1020 1419 iuris
1049 1360 1184 1419 canonici
1205 1360 1319 1418 videtur

314 1466 467 1543 superflua,
495 1485 561 1525 cum
589 1485 685 1543 neque
718 1467 813 1525 maius
847 1485 944 1544 neque
971 1467 1069 1526 minus
1097 1476 1142 1525 est
1173 1466 1317 1525 laudabile

312 1583 430 1650 propter
464 1574 567 1650 ipsum.
619 1573 730 1633 Modus
757 1584 856 1633 autem
883 1574 1024 1650 arguendi
1058 1593 1095 1632 ex
1129 1573 1356 1651 philosophiam

312 1681 424 1757 capitur
450 1691 479 1740 et
507 1682 657 1758 scriptura,
683 1699 738 1740 nee
766 1691 810 1741 est
833 1682 894 1739 vis⁶
919 1683 1000 1759 quod
1027 1681 1117 1740 multe
1145 1681 1230 1758 glose
1257 1701 1315 1758 que

311 1787 442 1848 alludunt
462 1788 588 1848 civilitati
609 1789 640 1845 in
658 1788 720 1847 iure
741 1790 887 1848 canonico
908 1789 1084 1864 ignorentur.
1127 1787 1216 1859 Quid,
1233 1807 1384 1866 rog0,41a

311 1897 462 1969 sacerdoti,
474 1898 524 1975 qui
535 1898 632 1956 solum
644 1898 729 1957 debet
739 1898 888 1957 intendere
900 1897 1062 1956 auctoritati
1076 1897 1224 1973 scripture,
1235 1898 1317 1975 quod

100 2014 195 2064 (bitum
205 2017 291 2060 Lawot
310 2003 469 2081 imperator
482 2005 550 2064 dicit
564 2005 687 2064 eandem
701 2006 902 2064 sentenciam?
944 2004 1054 2076 Quoad
1069 2016 1114 2079 3¹11
1126 2004 1317 2064 manifestum

101 2068 164 2108 Arrns
172 2080 243 2109 eomes

100 2118 211 2209 ffiffl‘
230 2120 303 2212 iffi
312 2121 363 2183 est,
389 2130 457 2170 cum
485 2112 581 2171 omnis
604 2112 707 2170 veritas
732 2112 769 2170 sit
793 2113 824 2169 in
853 2112 1001 2188 scriptura,
1025 2122 1058 2171 ut
1085 2112 1188 2171 dicitur
1219 2123 1253 2170 20
1279 2112 1316 2172 de
1328 2130 1353 2180 15

100 2217 157 2311 {320⁵
158 2219 187 2311 55,
188 2219 263 2322 ἐξὲξ
271 2219 294 2263 111
311 2218 444 2277 doctrina
457 2219 592 2278 cristiana
605 2220 636 2277 in
651 2219 717 2291 fine,
732 2218 813 2296 quod
832 2236 1007 2296 quecunque
1021 2219 1068 2277 lex
1083 2237 1235 2277 armorum
1255 2237 1318 2279 non

310 2324 441 2384 habuerit
463 2327 663 2385 auctoritatem
686 2344 724 2384 ex
749 2327 891 2402 scriptura
914 2327 1002 2385 debet
1024 2326 1123 2402 repelli
1148 2336 1182 2384 ut
1207 2326 1316 2404 iniqua.

310 2431 399 2490 Unde
419 2432 454 2491 de
478 2433 576 2491 multis
597 2433 710 2508 legibus
731 2451 880 2491 armorum
901 2451 975 2510 quas
1000 2434 1161 2510 scriptura⁶
1186 2433 1315 2510 explicat

310 2539 414 2599 sufficit
428 2549 486 2599 tres
501 2557 601 2598 earum
615 2539 767 2611 adducere,
783 2558 906 2617 quarum
920 2541 1045 2616 primam
1060 2540 1197 2617 explanat
1212 2543 1316 2600 beatus

310 2647 485 2707 Ambrosius
512 2648 543 2704 in
570 2647 644 2706 libro
672 2647 767 2723 primo
800 2648 836 2706 de
871 2648 1048 2724 patriarchis,
1078 2658 1108 2706 et
1136 2649 1256 2725 ponitur
1284 2649 1314 2705 in
1323 2646 1381 2697 Amb
1393 2666 1412 2720 ·

99 2767 293 2871 oushsrecreigpffiffiss
311 2754 432 2813 decretis
457 2755 526 2812 xxiii
551 2773 580 2831 q.
604 2775 640 2828 v.,
666 2755 717 2812 ubi
742 2754 873 2813 alludens
901 2755 1027 2830 hystorie
1054 2754 1162 2814 Genes.
1186 2756 1246 2814 xiiii
1272 2713 1414 2830 sicffl

99 2870 255 2962 mom}
269 2921 295 2973 (t)
310 2862 453 2939 loquitur:
489 2860 580 2918 Dicet
612 2863 725 2937 olrouc's,
755 2881 817 2919 cum
853 2864 909 2937 ipse
943 2863 1051 2933 uicerit,
1081 2864 1213 2936 quomodo
1247 2858 1412 2971 ἅτἰιῖξθξῧῐ

98 2971 303 3074 ἓξῃτὲὴᾶυὲζὲξωῑξε
311 2966 460 3026 Abrohom
472 2968 513 3024 od
521 2988 611 3044 regem
622 2967 801 3026 Sodomorum
815 2971 921 3026 ‘nichil
932 2988 1040 3026 sumam
1051 2969 1101 3026 abs
1109 2967 1146 3026 te'
1156 2972 1315 3046 cumpreda
1324 2989 1400 3052 Qec.

310 3076 403 3148 utique
416 3076 447 3131 irr
453 3081 585 3149 potestate
598 3076 823 3152 uectorisfuerit,
838 3076 910 3132 decet
921 3077 1071 3133 militarem
1085 3077 1267 3153 diepolirrom
1281 3086 1315 3136 ut

308 3182 375 3255 regi
398 3188 541 3238 serventur
569 3183 670 3239 omme.
722 3180 798 3240 Serre
824 3184 882 3239 luis
915 3184 969 3257 qui
992 3203 1081 3240 secum
1103 3185 1245 3259 suessent,
1275 3186 1405 3242 odGen.xi

308 3288 497 3345 adrumentum
511 3288 641 3366 fortusse
664 3288 789 3359 soec'oti⁷‚
811 3296 922 3365 purtem
947 3291 1113 3347 emolimenti
1136 3270 1398 3349 tribuendam²¹⁴⁴¹

307 3396 412 3452 asserti
430 3400 562 3470 tanquam
587 3396 730 3452 mercedem
755 3396 860 3453 loboris
884 3398 998 3470 excepit.
1040 3395 1159 3471 Ideoque
1178 3401 1311 3472 quoniam

307 3502 452 3560 mercedem
466 3501 524 3560 sibi
533 3501 685 3560 abdomine
698 3521 753 3559 uon
766 3503 886 3576 quesr'oit
897 3521 915 3558 o
930 3503 976 3559 deo
990 3505 1101 3578 occepit,
1110 3507 1185 3562 sicut
1194 3507 1311 3581 legimus

306 3611 450 3684 scribtum,
472 3611 539 3684 quie
559 3615 628 3684 post
646 3609 693 3666 lcec
711 3609 795 3666 verbo
808 3608 926 3684 foetum
946 3616 987 3666 est
1007 3611 1120 3668 uerbum
1145 3612 1257 3669 domini
1276 3614 1316 3670 ad

306 3716 456 3775 Abraham
479 3718 510 3773 iu
530 3717 594 3774 uisu
618 3716 717 3786 diceres,
736 3715 827 3775 ‘Noli
843 3718 938 3774 timere
958 3717 1133 3786 Abrohom·
1153 3739 1203 3794 ego
1218 3728 1378 3797 prote-Gen

300 3842 372 3900 gom
386 3830 418 3893 te,
432 3830 458 3880 et
470 3842 570 3880 merces
584 3829 632 3879 tuo
643 3824 698 3879 erit
706 3841 812 3897 magna
825 3819 922 3881 uelde’
958 3821 1045 3882 Unde
1061 3825 1084 3882 si
1099 3824 1146 3883 lex
1162 3843 1313 3885 armorum

305 3929 463 3989 rectificata
482 3928 581 3989 luisset
597 3948 669 4005 pure
693 3928 860 4006 theologica
881 3929 1016 3989 facultate
1037 3949 1190 4008 nunquam
1211 3932 1315 3993 fuisset

306 4037 336 4094 in
366 4036 489 4096 ecclesia
523 4045 603 4094 tanta
637 4036 819 4112 perturbacio
853 4055 890 4094 ex
919 4037 1107 4112 opinionibus
1141 4039 1314 4114 preliorum.

339 4282 491 4348 ¹quantum,
503 4297 528 4332 A.
606 4281 665 4339 ²et,
676 4299 724 4332 om.
736 4295 763 4333 A.
840 4282 965 4345 ³sit,om.
979 4297 1005 4334 A.
1084 4285 1270 4348 ‘necessarius
1284 4301 1310 4337 A.

306 4360 316 4388 ³
333 4361 371 4411 ius
382 4369 431 4426 pre
443 4363 487 4423 vis,
501 4375 523 4411 Β.
594 4364 603 4391 ⁸
619 4377 649 4411 ex
660 4369 719 4412 arcte
730 4362 857 4426 scriptura,
869 4363 925 4411 odd.
938 4376 964 4412 A.
1032 4362 1041 4390 ⁷
1058 4365 1154 4422 saciati,
1167 4377 1194 4415 A.
