2828 5048
97 440 160 501 144
621 434 672 482 DE
696 432 842 483 OFFICIO
865 432 984 484 REGIS.

96 593 274 687 fflffidssssre
307 602 398 652 tatum
413 594 449 654 sit
463 592 608 671 antiquior
622 601 650 653 et
664 592 786 652 ecclesie
806 593 992 665 necessarior,
1009 592 1111 668 inqua
1130 592 1250 652 materia
1264 600 1308 652 est

97 695 283 789 ¹¹3&quth
305 709 376 778 aput
397 701 533 760 nonullos
554 718 628 759 vana
656 699 820 760 contencio.
864 698 985 758 Certum
1008 699 1105 776 itaque
1127 709 1170 758 est
1189 700 1308 777 quoda

307 808 363 866 deo
378 809 427 884 qui
442 825 556 884 semper
576 807 628 865 suit
645 808 803 884 imperator
824 815 852 865 et
870 807 1013 879 sacerdos,
1029 805 1094 864 licet
1114 808 1195 883 prius
1215 807 1308 867 fuerat

306 915 472 990 imperator,
488 915 628 991 processit
648 924 803 990 utrumque
824 913 960 984 officium,
975 913 1088 974 dicente
1102 913 1218 974 decreto
1232 933 1308 991 pape

97 1019 156 1114 322¹
182 1033 290 1114 030⁸&
307 1021 472 1081 Innocentii
487 1022 566 1079 xxiii.
579 1039 606 1098 q.
620 1021 675 1079 iiiia
694 1020 834 1092 Quesr'tum
849 1028 895 1078 est.
929 1019 1034 1079 Nr'chil
1045 1023 1077 1078 de
1090 1023 1146 1080 luis
1160 1019 1256 1100 (suple
1266 1021 1308 1080 di·
1317 1034 1413 1082 Decret

307 1128 434 1187 cendum
456 1126 646 1206 contrarium)
667 1126 802 1203 legimus¹
821 1147 840 1184 a
861 1125 1032 1186 morbrrbur²
1045 1128 1204 1205 dffnitum.
1245 1108 1411 1228 Με-ξξέῗ

307 1239 451 1293 mr'neront
461 1237 532 1292 enim
547 1255 566 1292 a
580 1237 627 1292 deo
644 1242 788 1310 potestates
806 1235 860 1291 hos
881 1254 1021 1292 concessos
1030 1235 1137 1314 sur'sse,
1152 1242 1179 1293 et
1191 1244 1309 1314 propter

307 1346 460 1401 vrizdictom
474 1345 625 1401 noxiorum
635 1343 764 1418 gladium
767 1343 866 1418 fursee
871 1344 1048 1417 permissum,
1063 1351 1090 1401 et
1100 1344 1147 1400 dei
1156 1345 1309 1402 mz‘ru’sterio

308 1451 471 1507 essedorum
486 1451 516 1506 r'n
538 1450 622 1506 horres
641 1450 769 1506 vr'ndices.
815 1448 952 1520 Quomodo
973 1451 1063 1526 igitur
1083 1452 1312 1525 reprehenderent

294 1559 414 1635 sactum
429 1558 504 1632 quod
513 1564 624 1614 auctore
637 1558 745 1614 domr'rzo
759 1557 899 1614 arderent³
913 1577 967 1614 esre
980 1562 1160 1615 concessum?
1192 1558 1239 1631 De
1253 1560 1309 1617 hir's
1318 1575 1348 1610 10

307 1667 406 1740 egitur,
428 1671 461 1722 ut
479 1665 609 1721 hactenus
629 1670 769 1721 servotum
790 1670 836 1736 est,
859 1666 900 1720 sic
920 1664 1077 1734 habeamus,
1100 1685 1134 1722 ne
1153 1671 1206 1723 out
1224 1667 1308 1724 disci-

303 1773 414 1847 plinam
429 1779 552 1829 auertere
560 1770 580 1842 ⁴,
595 1777 648 1828 out
665 1777 761 1828 contro
776 1772 964 1828 auctoritatem
980 1773 1106 1829 drirr'nam
1125 1774 1219 1830 venire
1235 1775 1310 1832 vtile-

308 1878 419 1937 amurl.
462 1878 633 1936 Teneamus
648 1877 734 1952 igitur
748 1877 828 1952 quod
843 1877 914 1935 deus
929 1878 1097 1938 immediate
1112 1898 1165 1956 per
1183 1899 1214 1938 se
1227 1881 1309 1940 insti-

307 1987 362 2044 tuit
372 1995 524 2062 utramque
538 1985 703 2061 potenciam
718 1985 779 2043 sine
793 1985 850 2042 hoc
865 1985 945 2062 quod
960 2004 1018 2043 una
1029 1986 1169 2063 reliquam
1180 1988 1310 2047 instituat

100 2093 353 2214 {³⁰2‡{{,Q{{³,{¹,¹⁸‘⁰V‘³l
375 2093 469 2151 eciam
492 2092 657 2149 auctoriset.
701 2090 758 2149 Sed
779 2109 832 2168 pro
854 2092 1024 2169 antiquitate
1044 2095 1208 2152 notandum
1227 2095 1309 2172 quod
1319 2110 1345 2162 15

99 2217 170 2276 Aram
179 2226 260 2304 wadsat,
310 2201 406 2259 Adam
420 2199 472 2258 suit
486 2218 537 2258 rex
553 2198 715 2257 secundum
725 2198 923 2274 Augustinum
934 2199 980 2256 De
992 2202 1193 2276 questionibus
1206 2204 1310 2262 veteris

99 2268 273 2406 §affigttffifgqiff
310 2316 338 2365 et
359 2323 434 2364 nove
455 2304 527 2380 legis
542 2304 586 2363 cvi
606 2303 743 2382 capitulo,
767 2312 796 2362 et
818 2303 912 2380 Caym
934 2304 1053 2363 dicitur⁶
1074 2305 1163 2364 fuisse
1184 2308 1310 2383 primum
1318 2317 1374 2380 Arg.

99 2381 292 2516 ἐξαξέἑξὲξυε·
311 2411 493 2472 sacerdotem
524 2409 641 2469 racione
676 2409 912 2486 primogenitura,
941 2419 970 2469 et
1005 2411 1047 2470 sic
1082 2412 1239 2489 imperium
1267 2414 1332 2496 vel,1

99 2519 165 2623 ἓξὲξ
182 2516 230 2610 ἐξ.
311 2537 434 2596 regnum
449 2525 581 2594 tempore
595 2516 640 2575 vel
655 2525 758 2575 natura
778 2517 915 2593 precessit
936 2519 1145 2593 sacerdocium,
1160 2539 1229 2579 cum
1250 2532 1310 2582 tam
1318 2512 1359 2564 cvi.

311 2628 341 2684 in
361 2636 437 2685 statu
453 2624 625 2684 innocencie
645 2641 735 2700 quam
753 2633 828 2682 statu
846 2624 944 2702 lapsus
959 2626 1011 2684 fuit
1024 2627 1188 2704 imperium.
1230 2627 1310 2687 Nam
1319 2639 1345 2675 ²0

310 2733 408 2792 Adam
437 2732 489 2792 fuit
517 2733 549 2790 in
577 2741 653 2790 statu
681 2732 853 2790 innocencie
888 2733 1051 2809 Imperator
1079 2736 1173 2794 tocius
1208 2737 1311 2795 mundi

312 2840 454 2899 sensibilis
469 2849 498 2896 et
512 2857 562 2896 rex
577 2839 674 2897 uxoris
686 2839 757 2897 sue⁷
771 2839 846 2898 civili
857 2839 995 2900 dominio.
1027 2841 1065 2900 Et
1080 2843 1102 2900 si
1117 2843 1311 2903 contendatur

314 2947 394 3024 quod
413 2956 441 3004 et
456 2945 507 3003 tuit
529 2944 684 3005 sacerdos⁸
706 2946 811 3017 adhuc,
826 2945 882 3005 hoc
904 2946 977 3006 soret
999 2949 1140 3025 posterius
1159 2960 1264 3009 natura
1284 2960 1311 3010 et

101 3069 297 3168 fflnffdffir
313 3052 444 3112 abieccio
458 3052 553 3112 officii.
597 3051 627 3111 Si
642 3052 796 3128 loquamur
809 3062 907 3111 autem
922 3055 959 3112 de
974 3054 1048 3115 civili
1062 3056 1186 3132 imperio
1202 3069 1312 3119 certum

297 3149 303 3170 ‚

100 3171 288 3268 mm?
313 3169 357 3219 est
379 3160 460 3236 quod
475 3157 579 3237 Caym,
596 3158 749 3231 Nemroth‚
764 3158 1057 3221 Nabuchodonossor
1075 3172 1103 3221 et
1123 3164 1210 3224 multi
1231 3184 1313 3242 reges
1321 3177 1343 3230 ²⁵

101 3273 294 3378 §nipqfflqum
312 3266 434 3343 gentiles
448 3267 478 3325 in
498 3275 625 3342 quatuor
645 3266 822 3325 monarchiis
844 3278 1045 3342 processerant
1068 3269 1129 3328 sine
1151 3269 1211 3331 hoc
1234 3271 1314 3351 quod

103 3373 294 3470 quwteffigsst·
312 3374 474 3433 habuerunt
495 3382 669 3450 potestatem
693 3373 790 3431 datam
805 3374 847 3432 eis
861 3393 879 3432 a
893 3384 990 3433 creato
1012 3377 1190 3437 sacerdocio.
1233 3378 1315 3451 Quin

102 3476 417 3578 ffisstypfflssffssssseis,l³0⁰ius
438 3481 493 3557 ipsi
514 3480 698 3540 instituerant
715 3481 890 3554 sacerdotes,
905 3492 937 3539 ut
958 3492 1037 3558 patet
1057 3483 1094 3542 de
1116 3486 1315 3546 sacerdotibus

314 3589 413 3666 Egipti
440 3598 468 3647 et
497 3588 559 3648 aliis
586 3589 783 3647 sacerdotibus
810 3607 912 3664 regum
939 3590 1098 3664 gentilium,
1123 3602 1156 3650 ut
1180 3595 1316 3654 meminit

104 3709 259 3804 qqptqqotqgeqe
313 3696 484 3755 Aristoteles
506 3695 560 3752 vii⁰
585 3695 778 3772 politicorum.
821 3694 903 3754 Licet
928 3706 1026 3755 autem
1050 3697 1167 3774 plurimi
1192 3701 1317 3760 istorum
1342 3724 1347 3730 ·

105 3814 290 3910 ffipqpqugyet
314 3819 416 3880 regum
445 3802 558 3860 fuerant
586 3801 724 3872 infideles,
750 3802 821 3861 deus
842 3812 942 3860 tamen
964 3803 1043 3862 dedit
1070 3805 1112 3864 eis
1140 3816 1317 3883 potestatem

105 3891 286 4015 qupqffissem
316 3909 473 3985 regiminis,
488 3917 517 3966 et
538 3909 680 3986 aliquibus
701 3909 780 3967 dedit
794 3910 924 3986 spiritum
946 3920 1079 3970 sanctum
1097 3922 1126 3970 et
1140 3923 1317 3990 potestatem

106 4009 298 4107 ffvsgffigggsffld
315 4018 394 4094 leges
409 4017 539 4076 sanctas⁹
553 4017 706 4090 condendi,
718 4026 750 4074 ut
764 4026 842 4093 patet
857 4017 893 4076 de
908 4027 1011 4076 sancto
1021 4017 1319 4082 Nabuchodonossor

346 4172 357 4204 ¹
373 4173 478 4238 legibus,
491 4182 518 4222 A.
595 4170 605 4199 ²
621 4171 773 4222 amatoribus
784 4179 834 4237 pro
845 4189 860 4222 a
872 4174 1014 4236 maioribus,
1026 4187 1053 4224 A.
1124 4173 1135 4202 ³
1151 4175 1277 4240 viderunt,
1288 4191 1315 4231 A.

316 4251 463 4317 ⁴aliquam‚
486 4251 543 4300 add.
565 4263 592 4301 A.
638 4250 699 4300 ⁶In
722 4267 801 4314 marg
825 4252 958 4314 conclusio,
983 4265 1007 4302 B.
1045 4251 1142 4314 ‘dicit
1167 4265 1193 4305 Β.
1226 4253 1316 4319 'sina

318 4330 375 4379 odd.
393 4336 452 4379 ante
472 4329 547 4392 civili,
566 4341 589 4378 Β,
656 4329 664 4354 ⁸
682 4331 802 4388 sacerdos
819 4346 864 4380 om.
885 4343 912 4382 A.
978 4331 1081 4382 ⁹factas
1097 4339 1147 4397 pro
1158 4341 1266 4399 sanctas,
1278 4347 1304 4386 A.
