2828 5048
559 415 609 464 DE
632 413 778 464 OFFICIO
802 415 920 466 REGIS.

234 572 341 629 dictam
367 589 419 646 per
444 571 571 646 gladium
600 583 665 630 sunt
695 573 830 630 contrarii
856 571 934 630 scole
960 589 1020 630 sue.
1063 571 1132 648 Ipse
1158 571 1238 630 enim

234 679 321 754 gratis
333 679 445 736 sustulit
460 679 626 754 passionem
640 679 689 735 ubi
704 677 835 736 facillime
850 678 943 754 potuit
956 678 1055 737 hostes
1066 696 1136 738 suos
1146 677 1238 735 vindi-

234 785 329 844 cando
361 786 554 855 substernere,
578 795 609 842 ut
638 794 717 860 patet
743 784 807 842 Ioh.
836 787 889 854 ¹83
919 802 1020 860 ymmo
1050 795 1081 841 ut
1110 794 1237 842 mortem
1247 784 1302 846 Joh.
1314 783 1366 835 xviii,

233 891 346 968 peccati
361 891 505 949 occideret
519 901 548 948 et
566 909 670 967 pacem
686 890 859 948 innocencie
874 892 958 949 nobis
978 883 1130 949 redimeret
1145 889 1238 966 passi·
1248 849 1286 911 ³⁶⁸

233 998 321 1055 bilem
347 1007 482 1055 naturam
511 1006 642 1054 nostram
671 996 772 1069 induit,
801 997 949 1073 triumpho
980 997 1057 1056 hosti
1086 997 1262 1074 incognito5

233 1103 386 1180 superavit.
438 1102 564 1178 Oportet
592 1103 671 1160 enim
699 1113 834 1160 naturam
863 1121 920 1179 que
958 1103 1089 1178 peccavit
1113 1103 1174 1178 pati
1199 1121 1237 1161 ex

231 1220 312 1269 tanta
341 1207 501 1266 humilitate
528 1226 565 1265 ex
594 1217 703 1284 quanta
731 1210 867 1284 superbla
895 1210 1088 1287 presumptive
1120 1209 1237 1286 agendo

234 1316 337 1375 cecidit
349 1315 367 1387 ¹,
391 1332 459 1373 cum
487 1323 603 1390 oportet
636 1313 715 1389 quod
742 1316 885 1373 contraria
907 1326 1043 1373 curentur
1074 1315 1236 1386 contrariis,

234 1421 306 1480 Ideo
321 1421 433 1480 Cristus
456 1419 508 1477 fuit
533 1437 646 1478 summe
674 1421 804 1496 paciens,
827 1421 951 1492 humilio,
976 1432 1063 1498 atque
1087 1421 1236 1493 obediens,

23 1537 92 1579 Third
101 1546 213 1598 argument
234 1538 266 1586 ut
280 1537 358 1604 patet
373 1526 479 1584 Matth.
494 1527 541 1583 xii.
582 1525 691 1585 Tercio
709 1527 895 1586 confirmatur
914 1547 950 1586 ex
967 1525 982 1557 *
999 1527 1152 1604 multiplici
1166 1545 1236 1586 con·
1247 1525 1316 1573 Matr.
1326 1523 1359 1571 nt

23 1589 214 1681 {ssffgshfiffi'ss
235 1635 299 1694 silio
320 1631 415 1704 Cristi,
437 1632 518 1708 quod
538 1650 599 1690 non
621 1632 688 1691 licet
710 1651 855 1710 spernere.
898 1633 977 1692 Nam
1000 1594 1366 1715 Matth.v⁰pre-}142t{‡v,39

25 1689 90 1732 Man.
101 1703 123 1732 v.
132 1704 164 1742 ³⁹
233 1739 370 1818 cipiendo
384 1737 507 1797 consulit
522 1736 633 1812 Siquis
648 1745 671 1796 le
685 1742 715 1796 in
727 1741 871 1798 dexteram
886 1743 1038 1800 maxr'llam
1056 1738 1070 1771 *
1079 1742 1366 1817 percuserz'lnol.178r

227 1848 313 1926 prebe
333 1848 360 1904 εἰ
380 1852 406 1904 el
426 1846 553 1904 alteram.
595 1844 685 1916 Quod
706 1846 743 1904 ad
766 1865 884 1905 sensum
908 1847 1092 1918 catholicum,
1111 1857 1144 1904 ut
1165 1846 1237 1905 alias

233 1953 365 2030 exposui,
391 1971 427 2010 ex
454 1950 655 2027 postillacione
677 1952 753 2011 beati
778 1948 944 2029 Augustini,
968 1954 1078 2029 obligat
1103 1952 1236 2028 singulos

234 2060 394 2119 cristianos,
437 2057 520 2129 Quis,
536 2076 617 2134 rogo,
634 2058 793 2119 excussus²
809 2061 846 2118 ab
862 2061 994 2120 hostibus
1009 2061 1038 2118 in
1053 2061 1139 2119 bonis
1153 2060 1276 2136 poci-15

234 2167 340 2236 oribus,
357 2184 413 2242 que
432 2163 629 2240 intelliguntur
649 2183 701 2240 per
718 2166 865 2224 dexteram
876 2167 894 2241 ³,
910 2186 973 2226 non
986 2168 1141 2225 dimitteret
1155 2167 1236 2224 bona

234 2273 331 2330 minus
355 2270 486 2341 valenda,
510 2289 568 2347 que
596 2271 792 2348 intelliguntur
816 2292 868 2350 per
895 2273 1048 2346 sinistram,
1077 2282 1235 2348 antequam

232 2377 406 2455 perdiderit*
420 2377 513 2452 magis
533 2378 630 2436 bona?
673 2376 748 2448 Quis
769 2379 887 2456 insuper
901 2381 1013 2438 dubitat
1033 2380 1104 2456 quin
1122 2379 1236 2437 bonum

231 2485 340 2543 virtutis
361 2483 396 2542 sit
415 2482 517 2541 melius
534 2500 624 2558 quam
644 2485 757 2542 bonurn
776 2495 878 2544 nature
899 2505 1037 2562 corporee
1051 2485 1095 2545 vel
1110 2485 1235 2554 fortune,

232 2592 439 2667 etquicunque
460 2589 545 2666 plene
566 2591 717 2649 servaverit
738 2590 808 2649 illud
829 2592 981 2650 consilium
1003 2611 1063 2650 non
1083 2602 1234 2669 pugnaret,
1246 2606 1276 2640 20

232 2699 301 2776 quia
319 2698 420 2774 pocius
439 2696 520 2754 daret
539 2695 648 2772 palium
668 2698 800 2755 omnium
823 2697 1033 2774 temporalium,
1047 2716 1148 2774 ymmo
1167 2716 1234 2774 per·

232 2807 357 2863 mitteret
372 2804 492 2880 perdere
506 2802 608 2861 omnia
622 2820 674 2860 sua
688 2804 869 2879 temporalia,
886 2823 916 2862 se
934 2805 1048 2863 occidi?
1092 2803 1140 2862 Sic
1155 2804 1235 2862 enim

233 2911 300 2969 fecit
327 2910 438 2969 Cn‘stus
466 2918 495 2966 et
523 2908 567 2966 sui
594 2908 718 2984 apostoli
742 2910 834 2968 eciam
859 2912 979 2988 quando
1004 2920 1161 2988 potuerunt
1184 2929 1236 2987 per

232 3017 460 3092 prostracionem
481 3032 600 3072 suorum
617 3014 743 3073 hostium
763 3015 882 3075 faciliter
904 3018 1038 3089 evasisse,
1053 3027 1083 3075 ut
1098 3026 1179 3093 patet
1198 3017 1234 3074 de

22 3144 131 3204 mercer
140 3144 173 3185 ror
231 3122 351 3181 Andrea
362 3129 390 3179 et
399 3121 470 3179 aliis.
492 3119 578 3178 Tolle
587 3121 670 3196 igitur
679 3122 870 3181 affeccionem
881 3123 1076 3181 inordinatam
1086 3125 1234 3182 bonorum
1245 3137 1273 3188 ²5

21 3195 202 3304 lillllissilm
233 3229 348 3287 fortune
361 3236 390 3286 et
404 3225 523 3285 honoris
532 3245 567 3285 ac
582 3227 717 3286 secularis
726 3227 847 3286 dominii
856 3240 884 3287 et
898 3247 959 3289 non
973 3230 1025 3288 erit
1036 3231 1235 3289 necessarium

22 3297 129 3339 ΜΝ
232 3335 273 3395 sic
287 3353 437 3411 gwerrare.
481 3332 562 3391 Mala
576 3352 646 3408 ergo
661 3333 757 3410 proles
772 3353 829 3412 que
843 3337 932 3412 exigit
946 3335 1033 3394 talem
1047 3347 1180 3394 matrem.

23 3454 112 3497 cunses
120 3455 198 3500 second
275 3439 442 3499 Secundum
454 3439 540 3498 Cristi
550 3439 702 3498 consilium
717 3451 761 3499 est
775 3440 845 3499 illud
855 3441 936 3501 Luce
950 3462 1005 3514 14:
1027 3441 1065 3501 Si
1080 3444 1144 3517 quir
1161 3443 1238 3499 venit
1244 3446 1267 3493 1.

22 3507 114 3550 counsel.
491 3548 496 3557 ,
1159 3550 1164 3560 ,
1244 3508 1308 3557 Luke
1317 3503 1352 3552 xit.

231 3549 272 3605 ad
279 3566 327 3616 me,
340 3552 431 3603 elnon
448 3547 619 3621 odzlpalrem
634 3565 723 3617 tuum,
734 3553 760 3603 et
771 3554 896 3620 matrem,
908 3555 1066 3619 circatorem,
1078 3548 1199 3624 elfilzos,
1212 3556 1238 3606 et
1245 3575 1281 3624 26,

218 3655 347 3730 fratres,
363 3659 390 3710 et
407 3672 524 3722 sorores,
538 3653 630 3710 adhuc
649 3658 739 3710 aufem
762 3653 804 3710 etl
827 3657 951 3713 animam
971 3673 1060 3726 suum,
1076 3673 1130 3713 non
1145 3644 1237 3731 polest
1244 3669 1275 3718 30

231 3780 286 3817 esse
307 3779 382 3817 meur
402 3760 562 3834 discipulus.
606 3757 695 3830 Quod
717 3758 825 3817 dictum
847 3760 956 3819 videtur
977 3779 1040 3819 esse
1061 3771 1233 3836 preceptum

231 3866 451 3935 strictissimum,
480 3882 547 3923 cum
575 3882 664 3923 nemo
692 3873 790 3942 potest
818 3865 920 3924 salvari
947 3866 1002 3925 nisi
1030 3866 1114 3924 fuerit
1145 3866 1232 3925 Cristi

233 3970 399 4047 discipulus,
428 3981 458 4028 et
480 3988 569 4029 nemo
594 3979 689 4046 potest
711 3988 775 4029 esse
797 3970 883 4030 Cristi
906 3971 1064 4048 discipulus
1096 3972 1152 4030 nisi
1177 3972 1233 4032 hec

231 4077 338 4149 fecerit,
365 4095 436 4152 ergo
461 4095 550 4136 nemo
580 4085 676 4153 potest
700 4076 802 4135 salvari
823 4077 879 4135 nisi
899 4077 953 4136 hec
972 4078 1079 4137 fecerit.
1122 4076 1235 4137 Contra

265 4223 273 4254 ¹
292 4223 415 4282 ceciderit,
427 4235 453 4274 A.
548 4220 557 4248 ²
573 4234 749 4282 concussus,13.
845 4223 854 4251 ³
876 4225 969 4275 Verba:
987 4240 1030 4290 per
1047 4223 1233 4274 dexteram...

232 4300 409 4362 intelliguntur,
423 4316 469 4350 otri.
483 4313 507 4349 A.
573 4301 582 4328 ⁴
599 4299 694 4364 perdidi
706 4308 755 4365 pro
767 4300 910 4364 perdiderit,
923 4315 949 4353 r..
1016 4301 1025 4330 ⁵
1043 4309 1074 4362 et,
1082 4317 1132 4350 om.
1146 4314 1172 4350 Α.
