2828 5048
45 350 107 430 256
579 363 628 413 nu
654 362 799 415 orrrcro
823 363 942 415 naurs,

43 531 220 587 romane:
256 517 334 578 Nam
357 537 426 579 cum
450 520 581 581 subditus
603 521 863 599 proporcionaliter
885 520 979 598 diligit
1002 537 1114 597 regern
1129 530 1162 582 ut
1176 519 1252 599 diligit

43 585 245 728 5ιῖιῖἓοὶῗὲοὴ
255 627 316 685 eius
331 626 434 703 legem,
451 629 613 686 maximum
635 628 774 688 iudicium
794 637 979 704 contemptus
998 626 1048 686 dei
1063 637 1112 687 est
1127 627 1206 705 quod
1217 627 1254 687 lex

42 694 144 779 {33:3¹
172 698 226 726 m
255 751 308 792 sua
329 734 514 815 postponitur
536 753 571 794 ac
595 734 642 794 lex
658 735 772 795 Cesaris
797 745 826 794 et
848 735 904 794 aha
928 733 1075 794 secularis
1103 735 1253 794 affectuose

253 840 428 916 preponitur.
470 840 552 900 Deus
570 842 650 901 enim
668 860 729 902 non
752 841 826 901 foret
847 860 898 901 rex
919 841 1026 899 sinon
1050 842 1192 901 subesset
1211 839 1256 900 sibi

252 945 309 1005 lex.
351 946 446 1019 Tolle,
462 948 590 1025 inquam,
606 948 701 1025 legem
724 959 828 1009 nature
845 958 873 1008 et
895 947 1004 1008 tollitur
1028 948 1168 1024 quedam
1186 958 1273 1010 crea-t

252 1062 325 1124 tura,
336 1063 365 1112 et
379 1073 431 1130 per
445 1073 632 1132 consequens
645 1073 769 1132 regnum
783 1055 838 1114 dei.
881 1053 969 1113 Unde
983 1053 1112 1113 evidens
1127 1063 1174 1114 est
1188 1053 1258 1131 quod

252 1159 386 1220 homines
400 1171 460 1220 tarn
474 1162 636 1222 inordinate
652 1173 783 1222 amantes
797 1163 892 1238 legem
906 1177 1065 1231 cesaream,
1080 1178 1150 1220 non
1171 1160 1260 1237 ipsum

254 1266 297 1324 vel
312 1268 408 1343 legem
422 1286 506 1327 suam
521 1287 586 1330 vere
606 1278 705 1328 amant
719 1268 771 1328 sed
785 1268 895 1339 odiunt,
908 1276 939 1326 et
953 1266 984 1324 in
997 1264 1058 1325 hoc
1072 1265 1152 1325 salse
1166 1274 1261 1327 amant
1293 1278 1296 1283 '

254 1372 344 1432 deum
358 1375 492 1451 superbie
506 1383 535 1434 et
548 1384 671 1435 terrena.
712 1374 793 1433 Nam
810 1374 951 1451 scriptura
967 1390 1062 1444 saera,
1077 1390 1143 1449 que
1160 1383 1207 1433 est
1218 1373 1261 1432 lex

252 1478 308 1551 dei,
318 1479 492 1540 excellenter
506 1481 624 1540 deberet
636 1500 653 1539 a
664 1481 839 1541 secularibus
853 1480 941 1540 literis
952 1479 996 1538 vel
1010 1479 1079 1558 lege
1093 1468 1260 1552 homiuum,
1269 1496 1293 1535 ιο

252 1595 284 1644 ut
299 1586 424 1645 ostendit
439 1586 638 1647 Crisostomus
652 1588 682 1645 in
697 1587 856 1664 inperfecto
878 1585 995 1647 Omelia
1015 1586 1090 1645 xliii.
1138 1586 1260 1660 Quouis,

251 1691 353 1768 inquit,
368 1693 500 1768 leguntur
513 1694 591 1752 nobis
612 1696 642 1752 in
662 1696 781 1753 ecclesiis
800 1694 885 1753 acrba
898 1701 925 1752 et
943 1700 1007 1752 acta
1028 1696 1226 1770 apostolorum
1238 1662 1312 1754 ΔΜ

245 1799 457 1874 prophetarum,
472 1801 531 1875 ipsi
547 1802 630 1858 maisi
648 1801 689 1858 ad
706 1799 774 1858 nos¹
791 1801 922 1860 locuntur
929 1802 1097 1878 formantes
1113 1804 1147 1860 in
1165 1785 1291 1862 nobz'sffl

256 1903 390 1976 Cristum,
406 1922 480 1982 quos
494 1905 612 1967 heretici
627 1906 698 1965 dum
713 1906 863 1983 negligunt
884 1916 913 1966 et
933 1906 1010 1965 male
1031 1905 1264 1984 interpretantur
1334 1934 1336 1947 ·

42 2013 169 2056 Th0⁵0wh⁰
253 2011 389 2071 occidunt
413 2022 441 2071 et
464 2012 601 2089 lapidant
642 2011 731 2083 Dum,
754 2012 857 2089 inquit,
880 2012 1032 2072 credemus
1059 2013 1093 2070 in
1119 2012 1294 2086 Cristum,15

139 2064 175 2104 the

42 2065 142 2164 gffiss
151 2113 246 2207 0s⁵0¹⁴tg
254 2115 383 2175 Cristum
403 2135 577 2193 generamus
591 2127 619 2178 et
632 2117 792 2177 formamus
807 2119 838 2176 in
852 2118 945 2189 nobis,
959 2126 991 2177 ut
1011 2117 1082 2177 dicit
1096 2117 1261 2196 Apostolus
1291 2152 1294 2162 .
1321 2121 1328 2129 '

42 2166 156 2268 aa&
163 2165 310 2281 gffihaffl
325 2222 390 2281 Gal.
412 2223 475 2281 iv⁰⁴
488 2223 595 2283 Moli
613 2225 674 2296 mer,
697 2243 765 2300 quos
784 2224 885 2283 clerum
900 2225 1046 2300 portani),
1062 2224 1149 2282 donec
1156 2226 1336 2303 form-culs

56 2316 60 2323 ’
251 2334 314 2386 etur
329 2326 443 2387 Cristus
457 2330 487 2386 in
502 2330 585 2388 vobin
622 2329 843 2406 Consequenter
856 2330 977 2407 quando
991 2328 1082 2389 fidem
1095 2330 1260 2406 perdimus,

252 2433 379 2494 Cristum
394 2435 424 2493 in
441 2437 527 2494 nobis
542 2435 712 2508 occidimus
727 2435 817 2495 sicut¹⁵
828 2444 857 2494 et
869 2435 1013 2513 prophete
1027 2446 1097 2512 aput
1111 2435 1260 2496 hereticos

251 2541 431 2600 occiduntur.
487 2541 617 2613 Quando
645 2542 724 2601 enirn
748 2542 836 2601 fidem
863 2551 893 2600 et
920 2542 1071 2600 veritatem
1098 2543 1259 2601 verborum
1268 2556 1297 2595 πο

252 2666 354 2707 eorum
374 2666 465 2725 prava
485 2648 725 2725 interpretacione
749 2649 928 2719 subvertunt,
949 2645 1109 2724 prophetas
1133 2658 1164 2706 et
1186 2667 1259 2726 apo·

252 2756 345 2815 stolos
359 2756 498 2815 occidunt
512 2756 543 2814 in
557 2773 597 2814 se.
640 2754 731 2814 Verbi
754 2754 833 2814 enim
854 2753 974 2828 sanguis
988 2753 1093 2812 veritas
1107 2762 1154 2813 est
1170 2752 1185 2786 *
1202 2771 1326 2833 queste

251 2861 375 2920 vivificat
402 2861 498 2938 ipsum
519 2863 650 2920 verbum.
691 2860 790 2921 Omne
814 2870 912 2918 autem
936 2860 1059 2917 verbum
1086 2859 1170 2936 quod
1198 2877 1298 2925 non0.

251 2965 340 3025 habet
353 2968 384 3025 in
397 2985 429 3026 se
442 2968 591 3027 veritatem
602 2967 679 3028 Dei⁶
692 2976 841 3025 mortuum
856 2974 908 3037 est,
922 2975 955 3024 ut
969 2981 1077 3041 corpus
1097 2984 1260 3043 exsangue.

252 3072 409 3149 Propterea
422 3073 522 3133 omnia
532 3075 620 3133 verba
634 3074 739 3145 divina,
752 3072 884 3150 quamvis
899 3071 1006 3130 rustica
1021 3071 1085 3143 sint,
1097 3073 1259 3150 quoniam⁷
1269 3089 1298 3142 ²5

252 3179 331 3239 intus
353 3179 383 3237 in
405 3179 539 3239 sensibus
560 3180 621 3239 suis
643 3179 752 3238 habent
776 3179 903 3256 positam
923 3178 1074 3237 veritatem
1098 3178 1147 3237 dei
1172 3180 1260 3257 quasi

253 3285 427 3363 sanguinem
444 3286 524 3345 venis
543 3286 698 3357 inclusum,
712 3285 779 3344 ideo
800 3284 943 3343 vivificant
964 3282 1135 3342 audientem
1156 3284 1260 3346 Chris-

253 3403 315 3451 tum
324 3391 343 3463 θ,
357 3403 389 3452 ut
403 3401 524 3452 testatur
534 3392 636 3452 Petrus
651 3392 689 3451 ad
698 3391 826 3452 Cristum
841 3391 942 3450 dicens
955 3409 1009 3465 quo
1024 3389 1152 3448 alamus)
1171 3393 1260 3452 verba
1267 3400 1330 3467 John

254 3501 309 3560 vite
328 3499 416 3558 habes.
441 3482 567 3558 ‘Omnia
588 3506 685 3558 autem
699 3499 787 3557 verba
808 3496 949 3556 secularia
970 3512 1032 3555 non
1050 3494 1163 3555 habent
1176 3497 1208 3555 in
1227 3517 1260 3559 se

46 3619 222 3663 henriciana
256 3606 406 3665 veritatem
425 3605 479 3677 dei,
501 3615 655 3682 propterea
669 3603 835 3663 audientem
849 3621 911 3663 non
924 3601 1043 3661 salvant.
1085 3600 1259 3663 Secundum
1269 3624 1302 3674 30

45 3672 128 3722 though
137 3671 189 3723 they

45 3723 121 3823 {idid
115 3723 168 3815 ,2¹1²
177 3735 221 3774 pra
255 3711 309 3772 hec
336 3713 396 3771 iarn
423 3711 553 3787 intelligo
577 3709 729 3788 quomodo
756 3708 877 3770 heretici
905 3708 1044 3769 occidunt
1071 3716 1100 3767 et
1124 3709 1262 3786 lapidant

45 3823 199 3916 missen
209 3830 231 3866 to
256 3817 415 3896 prophetas
429 3827 457 3877 et
472 3816 620 3894 apostolos
640 3816 747 3875 missos
761 3815 852 3875 adse.
894 3814 1024 3887 Quocies
1039 3814 1138 3894 enim,⁰
1152 3817 1261 3878 verita-

105 3903 112 3918 ’
255 3935 314 3984 tem
322 3924 344 3957 ¹⁰
357 3924 512 3984 verborum
534 3940 635 3983 eorum
659 3921 758 3999 gladio
779 3921 899 3998 maligni
921 3920 1037 3997 spiritus
1051 3931 1080 3980 et
1092 3921 1174 3980 verbi
1188 3941 1261 4000 per-

285 4103 296 4136 ¹
312 4115 364 4157 vos.
474 4103 579 4160 'vobis
591 4116 618 4155 A.
684 4102 694 4132 ⁸
710 4102 750 4163 ad,
762 4117 809 4152 om.
823 4113 849 4152 n.
914 4100 986 4161 *vi⁰‚
998 4112 1024 4161 Α,
1039 4113 1064 4152 Β.
1130 4102 1140 4132 ⁸
1157 4100 1194 4151 sic
1206 4111 1257 4168 pro

253 4184 361 4245 sicut,1³.
427 4180 437 4210 ⁰
453 4182 511 4244 Dei,
522 4197 569 4231 om.
581 4195 608 4231 Α.
674 4178 685 4207 ²
701 4196 776 4244 quam
786 4187 837 4244 pro
852 4179 979 4244 quoniam,
993 4189 1020 4228 Α.
1087 4176 1097 4206 ⁸
1113 4178 1255 4244 Christum,

252 4277 298 4311 om.
311 4273 337 4310 n.
403 4262 413 4290 ⁹
429 4261 504 4322 enim,
515 4275 562 4312 om.
574 4272 600 4310 Α.
667 4257 687 4288 ¹⁰
703 4260 816 4308 virtutem
827 4265 877 4322 pro
888 4257 1024 4319 veritatem,
1037 4267 1064 4306 Α.
