2828 5048
611 413 659 462 DE
682 411 829 464 OFFICIO
856 411 975 462 REGIS.

295 582 324 631 et
357 572 524 642 tirrannus;
560 581 588 629 et
621 571 739 630 racione
774 569 838 628 talis
871 568 1042 628 universalis
1075 568 1197 628 dominii
1227 567 1297 627 dicit

296 677 407 737 Cristus
428 677 532 736 Matth.
547 678 586 735 xii
600 679 653 752 qui
670 696 725 735 non
745 684 785 735 est
804 696 906 734 mecum
928 682 1025 734 contra
1047 695 1088 733 me
1108 683 1154 733 est.
1197 674 1297 733 Nemo
1305 681 1370 731 Mitt
1380 674 1411 727 ι’·

296 785 376 844 enim
404 793 501 862 potest
528 784 582 842 sibi
610 802 673 842 esse
703 784 879 854 indifferens,
908 801 975 842 curn
1005 783 1101 842 omnis
1127 783 1219 841 homo
1246 760 1342 858 qui³⁰'

296 910 356 950 non
384 900 543 968 congregat
572 909 670 949 secum
698 890 818 966 spargit,
847 901 878 949 ut
907 908 1011 949 servus
1035 889 1151 949 diaboli.
1193 889 1232 948 Et
1262 888 1299 947 de

296 999 358 1058 istis
386 999 513 1057 dominis
541 997 671 1073 intelligo
699 997 899 1056 auctoritatem
927 997 1088 1074 predictam
1117 995 1222 1054 Matth.
1247 996 1376 1059 vi02Matt

295 1116 329 1163 ut
364 1105 476 1165 Cristus
510 1104 634 1181 explicat
668 1114 893 1182 consequenter.
955 1104 1053 1163 Nemo
1088 1104 1167 1162 enim
1202 1111 1301 1179 potest
1310 1089 1346 1141 ²4·

297 1211 509 1287 inculpabiliter
530 1211 635 1270 servire
660 1211 717 1269 deo
739 1221 767 1269 et
788 1229 936 1284 mamone,
958 1230 1015 1271 nec
1035 1221 1080 1270 est
1101 1210 1302 1270 contradiccio

297 1320 329 1377 in
357 1318 408 1377 tali
436 1336 524 1377 sensu
552 1317 729 1393 evangelico
763 1319 905 1394 equivoco
932 1328 962 1377 et
993 1336 1081 1377 sensu
1117 1318 1175 1376 alio
1205 1318 1302 1393 logice

88 1437 255 1489 Seconuy,tw0
298 1425 445 1501 replicato.
495 1423 632 1482 Secundo
660 1425 821 1482 notandum
849 1425 929 1502 quod
960 1435 1014 1484 stat
1042 1425 1117 1484 duos
1145 1421 1344 1484 dominos¹1t

89 1497 184 1539 masters,
189 1488 241 1529 both

88 1537 291 1638 ffllopffiy,
300 1533 407 1604 fideles,
433 1531 582 1591 caritatem
607 1530 756 1602 servando
783 1549 847 1590 esse
872 1532 926 1590 sibi
951 1532 1121 1605 contrarios,
1145 1542 1179 1590 ut
1204 1531 1303 1608 posito
1315 1555 1344 1589 ro

89 1638 236 1692 mvbeacci·
301 1639 382 1716 quod
409 1657 446 1697 ex
474 1637 644 1714 ignoraneia
667 1638 795 1696 veritatis
823 1639 932 1698 iusticie
959 1640 1138 1698 contendant
1166 1657 1221 1716 pro
1248 1656 1304 1696 suo

104 1690 203 1732 entello
269 1688 291 1737 d.

87 1692 269 1845 {kffiffi
302 1745 441 1804 dominio.
498 1744 590 1802 Aliter
624 1744 702 1802 enim
738 1763 799 1804 non
831 1745 930 1804 liceret
958 1745 1125 1805 hominibus
1153 1746 1303 1822 placitare,

89 1840 280 1884 whichcaseboth

90 1891 267 1945 mybemd·
301 1864 329 1913 et
358 1851 621 1929 correspondenter
647 1853 788 1930 contingit
817 1853 943 1912 eundem
971 1853 1079 1931 legium
1103 1855 1208 1913 servire
1233 1854 1305 1911 utri·

90 1965 259 2018 Ouisonebea
301 1979 367 2038 que.
409 1960 520 2020 Ymmo
545 1959 636 2017 altero
664 1959 818 2017 manifeste
842 1960 1023 2019 tirranisante
1050 1961 1192 2037 contingit
1216 1978 1304 2019 suum

89 2016 284 2119 inii-iudai&
301 2067 409 2143 legium
436 2083 497 2144 quo
526 2066 564 2125 ad
592 2065 734 2124 mundum
764 2066 868 2125 servire
893 2077 921 2125 et
949 2067 1069 2126 obedire
1094 2068 1148 2126 sibi
1172 2067 1344 2136 fideliter‚15

90 2119 136 2212 iffi
144 2118 279 2212 &mg
301 2172 487 2250 procurando
529 2172 727 2244 concordiam,
764 2173 964 2233 anuncciando
1000 2175 1054 2232 sibi
1092 2173 1243 2232 veritatem
1278 2181 1308 2231 et

300 2297 438 2352 errorem,
468 2275 607 2338 necnon²
634 2290 663 2338 et
695 2279 872 2352 rebellando,
902 2281 926 2338 si
961 2291 1086 2358 oportet,
1115 2291 1219 2340 contra
1248 2289 1307 2358 tyr·

301 2387 454 2446 rannidem
477 2385 662 2445 obstinatam.
706 2385 775 2444 Plus
803 2387 883 2445 enim
907 2398 1040 2447 tenemur
1063 2388 1160 2447 Cristo
1186 2397 1216 2445 et
1241 2388 1307 2465 lege

302 2512 354 2553 sue
381 2512 472 2572 quam
500 2492 584 2552 alicui
612 2493 735 2552 domino
770 2492 900 2553 seculari.
944 2493 1031 2553 Unde
1061 2495 1160 2572 dispar
1188 2504 1307 2572 oportet

302 2620 366 2661 esse
394 2600 535 2660 iudicium
562 2600 599 2658 de
628 2599 727 2659 Cristo
754 2610 782 2658 et
810 2600 928 2660 diabolo
956 2610 984 2660 et
1016 2602 1078 2660 aliis
1107 2620 1210 2661 eorum
1237 2603 1347 2664 sub-20

303 2708 410 2784 regulis
437 2709 487 2785 qui
515 2717 637 2784 possunt
664 2707 740 2765 flecti
768 2707 806 2766 ad
829 2708 941 2766 bonum
964 2708 1011 2767 vel
1035 2708 1092 2767 ad8
1116 2709 1229 2768 malum
1255 2727 1307 2786 per

304 2832 406 2874 eorum
434 2815 594 2873 servicium.
645 2813 701 2872 Per
728 2813 785 2873 hoc
814 2824 894 2890 patet
927 2816 1018 2875 tercio
1046 2816 1159 2875 solucio
1188 2816 1309 2892 triplicis

304 2921 477 2998 argumenti.
518 2920 567 2978 Ad
594 2921 721 2996 primum
749 2920 863 2979 videtur
889 2921 960 2980 mihi
988 2922 1070 3000 quod
1098 2922 1220 2999 quando
1250 2923 1309 2982 duo

304 3027 439 3086 homines
460 3037 528 3085 sunt
548 3027 658 3085 inimici
672 3027 763 3086 alter⁴
782 3038 825 3086 est
846 3046 913 3086 reus
934 3030 1071 3101 criminis,
1086 3048 1154 3088 cum
1173 3030 1310 3088 iubemur

307 3151 372 3192 esse
387 3133 474 3192 amici
488 3142 517 3191 et
531 3131 650 3208 diligere
665 3132 808 3193 inimicos.
851 3135 923 3194 Ideo
937 3135 1016 3195 aliud
1031 3147 1075 3195 est
1088 3136 1226 3195 homines
1241 3154 1310 3196 con·
1319 3159 1348 3209 ²5

304 3239 416 3298 trarian'
436 3249 464 3298 et
484 3256 548 3298 esse
570 3239 711 3312 inimicos
726 3259 794 3300 cum
809 3260 846 3300 ex
863 3243 995 3302 amicicia
1008 3243 1152 3320 contingit
1172 3242 1310 3303 homines

304 3365 368 3406 esse
390 3346 557 3406 contrarios.
599 3345 677 3406 Cum
697 3367 768 3425 ergo
794 3360 850 3408 stat
872 3359 1042 3427 tyrrannum
1063 3360 1093 3411 et
1113 3351 1211 3410 solum
1233 3370 1310 3409 nun-

302 3454 436 3531 cupative
457 3472 557 3532 regem
570 3454 678 3514 habere
700 3455 793 3514 bonas
814 3455 894 3533 leges
915 3458 1050 3516 convenit
1071 3458 1200 3517 eundem
1214 3467 1311 3517 totum

305 3579 370 3620 esse
392 3560 502 3637 legium
523 3560 627 3619 talibus
651 3561 802 3620 contrariis
823 3562 955 3632 inimicis
978 3581 1038 3621 non
1066 3563 1185 3622 tamen¹⁵
1206 3581 1311 3625 secun·

305 3668 376 3726 dum
404 3685 523 3726 omnem
547 3667 697 3726 racionem
722 3669 774 3738 sui,
796 3668 864 3745 quia
887 3678 957 3728 tunc
980 3668 1055 3728 foret
1079 3670 1234 3747 oppositus
1256 3671 1349 3739 sibi3o

96 3793 236 3834 rnusaman
250 3775 371 3851 mayipsi.
412 3773 494 3832 Talis
522 3773 608 3850 igitur
632 3774 792 3834 secundum
820 3793 910 3834 unam
937 3776 1085 3836 racionem
1112 3777 1233 3837 serviret
1260 3777 1312 3836 uni

97 3857 157 3884 serve
166 3851 209 3884 two
224 3856 252 3894 op

97 3855 300 3994 {prdffitgtsffi
309 3890 338 3939 et
356 3880 517 3940 secundum
536 3880 623 3939 aliam
642 3881 760 3940 serviret
776 3881 865 3940 alteri.
910 3881 984 3942 Sunt
1004 3883 1084 3942 enim
1105 3883 1214 3960 gradus
1235 3883 1311 3942 mul-

97 4018 145 4060 Th,
159 4018 265 4070 effidem,
278 3987 420 4065 ⁰stiplices
443 3987 554 4046 servicii
585 3986 735 4063 legiomm.
777 3987 825 4047 Ad
848 3989 1010 4048 secundum
1038 3989 1143 4049 dicitur
1171 3990 1311 4068 negando

97 4071 256 4111 amasterdoes
263 4078 299 4111 not
499 4095 505 4108 ·
720 4095 725 4108 ·
917 4097 923 4110 .
1053 4097 1059 4110 .
1171 4097 1177 4112 .
1303 4097 1309 4109 .

97 4119 185 4162 absolve
194 4120 227 4162 hi,
236 4119 300 4171 nege.
309 4112 574 4171 consequencram3
597 4113 665 4154 cum
680 4113 758 4153 enrm
773 4095 846 4154 fides
860 4097 1038 4156 subrectatur
1051 4116 1082 4155 m
1096 4097 1219 4157 homme
1233 4096 1311 4157 fideh

341 4249 349 4279 ¹
367 4250 491 4314 dominos,
508 4267 555 4301 om.
572 4263 599 4300 Α.
682 4250 692 4279 ²
708 4257 735 4301 ut
751 4267 802 4300 non
819 4259 869 4316 pro
885 4253 1019 4313 necsitnon,
1033 4266 1058 4302 A.
1143 4252 1153 4280 ³
1170 4254 1203 4304 ad
1220 4269 1267 4304 om.
1285 4265 1310 4302 Α.

310 4327 319 4356 ⁴
335 4327 415 4390 aliter,
427 4340 454 4377 Α.
523 4330 532 4359 ⁵
548 4334 644 4380 tantum
655 4336 704 4393 pro
721 4334 812 4391 tamen,
824 4343 850 4379 Α.
