2932 5046
561 455 610 503 DE
635 456 680 504 OF
684 456 782 504 FICIO
807 456 924 505 REGIS.

221 623 264 671 cst
287 614 422 672 iuvenum
446 615 665 672 consulencium
689 615 859 691 episcopum
882 615 1033 673 dominum
1055 627 1082 675 et
1103 617 1219 676 divitem

222 721 291 790 fieri,
306 720 530 796 hospitalitatem
546 731 574 779 et
589 722 724 780 timorem
747 740 807 780 non
822 722 937 793 habere,
954 740 1014 781 non
1036 724 1220 784 attendentes

55 837 127 888 Luke
139 839 182 888 xii.
221 828 303 904 quod
317 827 454 885 dominus
476 827 562 885 dicit:
585 827 624 886 Si
644 831 747 904 ceperit
766 830 938 904 dispensator
952 831 1059 887 dicere:
1079 831 1221 890 Dominus

10 948 30 977 τ
54 919 96 966 4⁵·
221 953 295 991 meus
315 952 421 991 maram
432 935 537 1010 facit,·
559 942 585 992 et
603 937 705 1010 ceperit
722 923 863 1010 castigare
877 945 979 1010 pueros
1000 955 1034 992 ac
1055 939 1182 1010 ancillas,
1198 946 1224 995 et

196 1042 390 1117 5manducare
409 1061 443 1098 ac
463 1041 551 1099 bibere
582 1061 643 1099 cum
674 1042 782 1109 ebrri's,·
808 1044 897 1098 aene'et
916 1044 1011 1099 etenim
1033 1044 1167 1114 demersus,
1190 1047 1221 1101 in

222 1148 265 1204 die
284 1166 341 1222 qua
362 1151 453 1217 nescit,
468 1149 576 1205 ethera
590 1168 646 1223 qua
661 1149 782 1223 ignerat,
796 1155 822 1205 et
838 1150 1022 1206 dtite'deteum.
1064 1149 1139 1207 Item
1159 1168 1221 1208 non

10 1248 31 1278 ⁹
58 1268 68 1303 ι
85 1257 138 1307 Pet.
149 1273 173 1306 v.
188 1270 210 1319 3.
220 1254 401 1313 attendentes
424 1253 504 1331 quod
525 1255 653 1329 precepit
675 1254 785 1324 Petrus,
801 1273 855 1312 aare
876 1256 1055 1325 dominantes,
1071 1254 1123 1313 sed
1138 1257 1222 1333 quasi

58 1326 193 1437 ,sssim
220 1361 421 1437 episcopatum
435 1370 575 1419 tenentes.
617 1360 692 1418 Item
707 1361 821 1433 Paulus,
836 1360 983 1418 Novitates
1001 1380 1096 1419 vacum
1122 1364 1222 1432 denda,

10 1528 19 1565 ι
58 1465 150 1566 dodim.
163 1516 190 1567 ii.
217 1475 355 1542 generant
376 1469 448 1524 enirn
476 1468 545 1536 lites,
569 1476 598 1524 et
624 1485 719 1525 sermo
742 1485 844 1526 eorum
869 1469 952 1543 quasi
978 1485 1097 1546 serpens
1126 1471 1222 1545 serpit.

10 1550 35 1603 ’⁶
58 1596 115 1657 ²33
165 1647 171 1658 ι
220 1574 359 1649 Episcopi
374 1573 452 1632 enim
468 1591 528 1632 non
544 1574 698 1631 attendunt
720 1574 757 1630 ad
772 1573 935 1632 doctrinam
949 1573 1057 1649 quam¹
1072 1577 1222 1651 apostolus

58 1648 150 1772 {sm
164 1663 179 1695 ¹'
220 1680 320 1738 docuit
347 1680 519 1756 episcopum
544 1679 766 1750 Thimotheum,
797 1679 920 1739 formam
950 1681 1057 1740 habere
1088 1701 1222 1739 sanorum

15 1840 36 1877 ἥ
56 1781 91 1826 5³
104 1793 128 1827 ⁰·
221 1787 365 1845 verborum
387 1807 437 1861 que
461 1806 479 1844 a
504 1806 545 1844 me
566 1788 675 1844 auderti
693 1788 718 1857 *,
743 1787 793 1845 sed
818 1805 910 1845 novas
935 1788 1014 1864 leges
1037 1807 1169 1847 cesareas
1194 1798 1223 1847 et

17 1898 20 1905 ’
222 1894 426 1969 episcoporum
447 1894 666 1952 dominancium
688 1894 849 1964 attendunt,
864 1904 893 1953 et
915 1895 1065 1971 quomodo
1087 1896 1222 1954 accucius

222 2000 405 2059 anathemate
434 2000 535 2059 ferient
544 1997 563 2071 ²,
589 2001 671 2076 quasi
698 2010 846 2076 serpentes
856 2001 874 2071 ³,
902 2002 1050 2059 dicentes⁴
1075 2002 1222 2078 implicite,

18 2138 40 2197 ι,
182 2117 361 2182 15tanquam
384 2107 529 2178 Roboam,
556 2108 637 2183 qnod
661 2107 797 2165 minimus
819 2107 945 2182 digitus⁵
966 2126 1068 2166 eorum
1097 2109 1223 2185 prevalet

20 2202 23 2211 '
223 2213 310 2272 dorso
333 2212 497 2273 Salomonis
519 2214 618 2273 nostri.
660 2213 728 2289 lpse
750 2214 854 2272 cecidit
875 2213 1005 2273 subditos
1026 2215 1156 2291 flagellis,
1172 2215 1224 2274 sed

221 2320 283 2378 eius
297 2321 394 2379 vicarii
409 2319 575 2379 Roboanite
593 2320 697 2378 cedent
718 2337 770 2378 eos
793 2321 1004 2397 scorpionibus,
1019 2334 1050 2380 ut
1071 2331 1189 2381 notatur
1205 2342 1222 2397 3

14 2450 39 2479 ··
58 2441 162 2505 rKings
171 2441 212 2489 xii.
223 2425 339 2501 Regum
372 2446 416 2484 12.
472 2425 555 2484 Mille
583 2425 757 2485 tradiciones
777 2426 932 2485 blasfemas
953 2428 1091 2486 simulant
1119 2430 1224 2505 quibus

57 2523 96 2568 ¹⁴·
222 2549 309 2606 super
330 2533 427 2591 Iesum
447 2542 579 2589 nostrum
601 2532 738 2608 implicite
760 2551 790 2591 se
811 2533 961 2591 extollunt.
1004 2533 1130 2611 Oportet
1151 2550 1439 2612 ergorortnepacmca·,

184 2637 385 2696 sesecundum
400 2637 487 2696 fidem
503 2639 640 2714 scripture
655 2647 684 2696 et
698 2649 816 2697 sanctos
838 2639 973 2698 doctores
995 2640 1076 2717 quod
1093 2640 1131 2699 ad
1145 2602 1425 2753 paci-{Egrffihftffipaloe

222 2742 371 2802 ficandum
399 2744 552 2803 ecclesiam
580 2743 755 2820 deprimatur
778 2745 831 2803 ista
858 2746 1049 2821 pseudocristi
1079 2747 1224 2822 superbia,
1233 2752 1406 2844 sshffiidustb‘

222 2868 290 2908 cum
305 2850 401 2909 iniciat
424 2868 512 2908 omne
535 2851 645 2909 malum
668 2851 788 2910 ecclesie
813 2853 955 2910 cristiane.
998 2852 1085 2911 Unde
1109 2852 1225 2912 Veritas

54 2963 134 3012 Matt.
147 2961 212 3010 xxiv.
224 2955 329 3014 Matth.
360 2967 413 3028 24⁰
442 2958 597 3032 predicens
626 2958 846 3016 tribulacionem
875 2959 1002 3016 suturam
1033 2959 1154 3019 ecclesie
1183 2961 1224 3018 sic

10 3047 31 3077 '
55 3044 79 3092 5'
224 3062 347 3121 orditur:
372 3062 469 3122 Multi
486 3067 594 3122 verirent
612 3067 642 3121 in
664 3067 772 3122 name'ree
792 3085 847 3123 meo
869 3067 984 3123 dicentes
1004 3069 1072 3141 quia
1093 3086 1142 3142 ega
1162 3087 1224 3125 sum

184 3187 212 3234 25
226 3168 363 3237 Crr‘stus;
385 3176 411 3226 et
423 3171 521 3227 neultos
541 3172 673 3228 seducent.
716 3171 754 3228 Et
768 3181 852 3230 vocat
872 3189 922 3229 eos
936 3173 1081 3248 posterius
1096 3173 1223 3249 pseudo·

224 3275 375 3335 cristianos
384 3273 404 3333 ⁶.
461 3276 523 3334 Nec
549 3286 593 3336 est
616 3277 698 3336 facile
722 3277 832 3353 fingere
857 3278 910 3336 hos
939 3278 1224 3354 pseudochristianos

224 3384 274 3459 qui
303 3383 422 3441 veniunt
449 3383 479 3439 in
508 3384 625 3442 nomine
655 3383 740 3442 Cristi
767 3395 796 3441 et
825 3384 968 3442 seducunt
996 3385 1139 3461 populum
1167 3386 1224 3444 nisi

224 3490 388 3566 prepositos
411 3491 440 3547 in
463 3490 541 3549 clero
564 3490 744 3548 mencientes
765 3508 796 3548 se
817 3489 923 3549 habere
946 3489 1074 3548 aCristo
1096 3490 1134 3548 ad
1155 3491 1224 3549 faci-

224 3596 333 3655 endum
363 3597 501 3673 quicquid
536 3595 657 3656 fecerint
690 3597 736 3655 vel
771 3596 1006 3655 blasfemaverint
1041 3606 1223 3672 potestatem.

225 3702 423 3761 Confirmatur
450 3722 487 3762 ex
518 3705 636 3762 racione
671 3703 738 3761 fidei
766 3721 824 3778 qua
852 3703 998 3761 credimus
1035 3702 1116 3778 qnod
1151 3702 1224 3761 deus
1234 3723 1304 3766 christ
1314 3724 1414 3776 assigned

224 3809 368 3866 ordinavit
390 3808 539 3867 modicam
564 3826 732 3867 mensuram
758 3809 848 3866 civilis
873 3807 993 3866 dominii
1022 3825 1112 3882 quam
1134 3808 1225 3866 voluit
1233 3776 1363 3876 ᾗῗᾶἷῖῗζῖῗ
1372 3776 1422 3866 livell

1234 3877 1316 3916 secular
1325 3876 1388 3926 lords,

225 3915 312 3973 servis
341 3915 420 3973 suis⁷
446 3913 636 3985 inferioribus,
659 3924 690 3971 ut
716 3914 841 3972 dominis
864 3914 1051 3985 secularibus,
1073 3914 1223 3991 dispertiri,
1233 3925 1435 4026 {¹}{l{⁰{,‘*,{{ss¹,²,{,3.y

224 4030 286 4080 toto
301 4021 378 4081 clero
393 4038 445 4079 suo
469 4021 581 4078 vivente
604 4021 829 4098 exproprietarie
851 4021 940 4079 instar
956 4019 1042 4079 Cristi
1064 4031 1093 4078 et
1107 4030 1224 4096 aposto·
1233 4027 1349 4077 supported
1362 4027 1391 4077 br

256 4187 266 4215 ¹
283 4203 339 4252 qua,
352 4200 377 4235 Α.
462 4187 472 4216 ²
487 4188 593 4245 ferirent,
606 4199 631 4237 n.
719 4187 731 4214 ³
749 4203 855 4252 serpens,
868 4200 891 4236 n.
982 4187 991 4215 ⁴
1009 4186 1166 4237 dominantes
1177 4194 1226 4250 pre

223 4264 338 4324 dicentes,
352 4277 378 4312 Α.
477 4266 487 4294 ⁵
503 4273 540 4315 est
552 4273 608 4328 past
624 4265 714 4330 digitus
725 4267 780 4313 add.
794 4279 820 4315 A.
926 4264 935 4291 ⁶
957 4267 1049 4314 Verba:
1067 4265 1121 4314 Nec
1132 4270 1168 4314 est
1182 4300 1187 4311 .
1200 4301 1205 4312 .
1220 4301 1226 4314 .

224 4343 473 4406 pseudochristianos,
485 4361 531 4394 am.
545 4357 571 4396 Α.
639 4343 648 4371 ⁷
665 4345 723 4403 sule,
735 4359 782 4392 om.
795 4356 821 4392 n.

704 4447 751 4486 82
