2828 5048
605 445 654 495 DE
679 443 826 495 OFFICIO
850 443 968 496 REGIS.

287 604 411 680 dignitas
439 602 558 660 honoris
587 603 730 662 sensibilis
758 604 786 660 in
815 621 873 680 qua
903 603 1098 674 comunicant,
1129 611 1158 659 et
1186 611 1286 659 tamen

286 711 411 786 dignitas
438 708 610 785 episcopalis
638 720 681 768 est
709 727 885 786 quacunque
913 708 1052 785 dignitate
1081 718 1196 766 terrena
1220 726 1285 784 pre-

77 832 229 894 Asecoqdob-
285 817 419 875 stancior.
470 814 528 874 Sed
551 815 679 873 secundo
703 816 826 874 obicitur
856 824 958 873 contra
985 814 1042 874 hoc
1070 814 1150 891 quod
1180 814 1284 873 dicitur

73 884 268 1035 {cffiffssgssd‘
285 922 382 998 Reges
404 921 496 980 eciam
517 920 642 979 discolos
667 918 682 951 *
708 920 908 980 honorandos.
949 921 1072 979 Videtur
1095 921 1173 979 enim
1203 919 1308 996 quod⁶
1329 955 1349 997 ¹·

76 1034 276 1086 tosrowardKinss·
284 1029 458 1103 cuicumque
485 1027 589 1087 honori
617 1027 652 1085 sit
679 1027 828 1103 proprium
852 1045 916 1087 esse
940 1029 1085 1104 premium
1109 1027 1226 1099 virtutis,
1253 1035 1310 1098 ut5

285 1348 401 1407 racione
423 1346 487 1404 vicii
511 1345 749 1421 contempnendi.
791 1344 829 1404 Et
856 1347 959 1403 iterum
983 1346 1094 1404 videtur
1118 1345 1198 1423 quod
1222 1363 1284 1405 non

285 1463 416 1512 remanet
438 1452 467 1509 in
491 1452 533 1510 eis
555 1461 645 1510 status
670 1452 833 1527 dignitatis¹
858 1452 903 1509 vel
925 1461 1053 1528 potestas
1078 1453 1191 1529 regalis,
1216 1452 1284 1529 quia
1296 1470 1306 1541 ξ

285 1556 366 1616 non²
382 1566 511 1616 remanet
525 1556 566 1614 eis
581 1556 752 1629 dominium,
769 1568 797 1616 et
813 1577 864 1634 per
878 1576 1062 1635 consequens
1076 1576 1137 1617 non
1154 1568 1284 1618 remanet
1301 1564 1304 1569 “

74 1672 276 1775 {grutffiqassm
285 1665 326 1725 eis
341 1663 421 1740 quod
437 1664 493 1721 sint
508 1681 597 1739 reges.
630 1663 791 1735 Quomodo
801 1682 871 1740 ergo
882 1664 955 1724 foret
965 1665 975 1694 ³
985 1664 1016 1721 in
1027 1665 1068 1723 eis
1079 1673 1170 1722 status
1180 1665 1284 1742 aliquis

73 1775 170 1866 {dim
178 1775 228 1876 ἕξις
237 1788 276 1816 can
285 1769 479 1841 honorandus,
504 1787 571 1826 cum
594 1769 691 1828 omnis
716 1778 807 1828 status
831 1770 862 1827 in
886 1787 945 1847 quo
969 1780 1036 1829 sunt
1057 1771 1128 1828 tales
1153 1771 1285 1831 infideles

75 1875 249 1976 msyigsthem
283 1876 397 1954 presciti
413 1876 449 1935 sit
463 1876 605 1951 pessimus
619 1874 782 1934 odiendus?
806 1876 864 1934 Hic
879 1876 945 1935 dico
960 1876 1040 1953 quod
1056 1877 1129 1936 sicut
1143 1877 1284 1935 debemus
1312 1938 1315 1945 ,

74 1975 174 2020 honour?
283 2001 347 2042 esse
362 1982 482 2042 subiecti
497 1981 622 2052 discolis,
636 1990 668 2038 ut
683 1981 767 2040 docet
781 1983 883 2040 beatus
896 1991 1004 2058 petrus,
1021 1983 1062 2041 sic
1077 1982 1217 2040 debemus
1230 2000 1283 2042 eos

283 2088 444 2147 secundum
480 2087 628 2146 racionem
663 2086 790 2164 aliquam
818 2087 969 2160 honorare,
1005 2097 1037 2146 ut
1073 2088 1141 2148 dicit
1179 2090 1282 2147 beatus

283 2194 471 2268 Augustinus
513 2193 552 2251 Et
577 2193 614 2250 ad
639 2193 764 2269 primum
787 2193 935 2252 obiectum
950 2193 1101 2254 conced0⁴
1115 2195 1194 2271 quod
1210 2197 1282 2254 nulli

283 2307 327 2356 est
341 2298 435 2356 honor
448 2297 626 2370 tribuendus,
643 2300 696 2355 nisi
711 2297 871 2357 secundum
888 2301 1035 2359 racionem
1049 2296 1167 2359 virtutis.
1210 2301 1283 2362 Ideo

283 2403 538 2480 quandocunque¹⁵
552 2403 730 2463 honoramus
744 2414 888 2463 creaturas
909 2405 1075 2477 racionales,
1095 2424 1195 2465 earum
1216 2408 1283 2465 reli-

75 2527 122 2618 3:2²,
146 2526 240 2618 ,nffis
283 2510 366 2586 quias
387 2510 445 2568 sive
465 2510 625 2586 ymagines
642 2509 783 2568 debemus
803 2510 998 2586 principaliter
1018 2511 1161 2571 honorare
1183 2512 1280 2585 deum,

74 2627 267 2720 ffiffl‘ffi
281 2634 318 2674 ex
332 2616 413 2673 cuius
427 2616 530 2675 virtute
544 2616 643 2674 omnia
657 2616 710 2673 ista
724 2615 762 2673 ad
773 2617 922 2675 utilitatem
934 2616 1059 2677 hominis
1070 2628 1281 2694 processerunt.
1292 2653 1336 2688 20,

73 2729 274 2821 mm?
281 2721 319 2780 Et
341 2722 382 2780 sic
404 2722 534 2780 cavendo
557 2720 729 2796 ydolatriam
743 2721 855 2780 videtur
869 2722 948 2799 quod
963 2723 1072 2782 nedum
1092 2725 1137 2783 sol
1155 2735 1184 2783 et
1203 2725 1281 2797 luna,

73 2829 265 2930 {ffiiss‘n‘fflngq
281 2828 332 2886 sed
346 2827 475 2904 quelibet
489 2836 618 2885 creatura
633 2828 668 2885 sit
683 2827 845 2886 secundum
866 2829 1013 2887 racionem
1028 2848 1085 2905 qua
1104 2830 1150 2888 dei
1172 2830 1293 2894 fabrica,

72 2929 243 3022 {regyffiae
281 2933 460 2992 honoranda.
503 2933 539 2990 ln
569 2933 696 3009 qualibet
724 2933 802 2991 enim
829 2933 879 2991 tali
906 2934 982 2992 fideli
1010 2935 1119 2994 relucet
1149 2937 1282 2996 trinitatis

73 3031 137 3072 ntuch
145 3043 169 3069 as
178 3030 230 3079 they

72 3094 109 3122 are
119 3079 160 3120 His
169 3079 243 3120 handi-

72 3131 139 3175 Μ·
282 3144 389 3204 relucet
424 3145 502 3204 racio
529 3145 681 3220 vestigium
714 3145 791 3204 istud
826 3147 1011 3205 noscentibus
1039 3155 1072 3206 ut
1097 3151 1127 3206 in
1154 3150 1325 3216 omm'busza

281 3251 478 3326 honorzficetur
506 3253 578 3309 deus.
634 3252 771 3311 Infideles
799 3260 896 3310 autem
924 3253 1004 3328 quod
1031 3273 1091 3313 non
1118 3257 1281 3316 ascendunt

281 3357 422 3433 superius,
445 3355 496 3415 sed
516 3357 678 3433 inpendunt
699 3357 753 3416 illis
775 3357 894 3429 latriam,
918 3367 986 3418 sunt
1006 3358 1072 3419 ideo
1093 3360 1233 3435 infideles,
1249 3373 1281 3422 ut

280 3472 359 3539 patet
374 3462 501 3538 capitulo
514 3463 578 3520 libri
592 3463 684 3540 primi.
727 3463 810 3521 Licet
828 3474 926 3523 autem
946 3466 1103 3542 quamlibet
1117 3478 1281 3527 creaturam

281 3570 447 3646 possimus⁶
468 3569 612 3629 honorare
633 3569 745 3629 honore
769 3570 883 3642 vicario,
908 3580 1006 3630 tamen
1029 3571 1106 3630 solas
1133 3584 1281 3635 creaturas

282 3675 444 3735 racionales
477 3676 635 3734 decernunt
669 3675 836 3753 philosophi
872 3694 935 3735 esse
973 3678 1050 3736 dulia
1078 3678 1326 3745 honorandusso

73 3797 264 3850 againreucsanu
284 3783 418 3842 Cristiani
439 3792 538 3841 autem
552 3783 698 3841 honorant
719 3783 840 3841 earum⁷
853 3784 988 3861 reliquias
1009 3794 1096 3862 atque
1117 3787 1279 3862 ymagines,

73 3853 271 3990 Ξῖηὲιίιὲἔιξέῗ
279 3906 348 3963 ymo
373 3906 476 3947 eorum
501 3897 673 3947 ornamenta
697 3888 741 3947 vel
766 3908 833 3948 vasa
854 3889 977 3949 dicimus
1001 3890 1182 3952 honorabilia
1207 3893 1279 3953 dum

73 4001 252 4098 ffljffofflkg
278 3993 382 4052 fuerint
409 3993 465 4053 deo
490 4003 519 4053 et
545 3995 666 4053 ecclesie
692 4006 868 4055 consecrata.
910 3996 968 4055 Sed
993 3998 1179 4074 equivocacio
1203 4001 1279 4060 tollit

73 4100 245 4200 yffgffigd
280 4100 418 4158 obiectus.
448 4098 526 4158 Nam
539 4099 664 4159 Roman.
677 4100 714 4158 ix.
726 4103 794 4160 dicit
806 4102 966 4179 Apostolus
976 4122 1025 4163 vas
1037 4123 1100 4163 esse
1111 4106 1141 4161 in
1152 4105 1276 4179 honore,
1287 4123 1389 4176 Roma

74 4200 146 4242 whose
154 4201 206 4252 they
214 4213 255 4242 are.
1288 4204 1330 4240 21.

314 4242 494 4307 ¹dignitas,1³.
553 4243 637 4294 ²vero
648 4252 765 4308 pronon,
778 4261 803 4295 n.
861 4247 946 4308 ³fore,
959 4261 986 4298 n.
1043 4248 1236 4310 ‘concedenda
1249 4265 1276 4304 Α.

283 4323 293 4351 ⁵
310 4338 474 4387 quaecunque,
489 4335 513 4370 n.
580 4324 589 4352 ⁶
606 4339 741 4386 possumus,
754 4335 779 4372 Α.
846 4322 855 4350 ³
872 4340 964 4386 eorum,
978 4336 1003 4374 Α.
