2828 5048
94 445 155 509 226
602 457 652 506 uu
676 457 822 507 orrrcro
847 458 965 510 rums.

90 611 272 705 ffinffiffl
300 616 432 674 omnium
460 632 591 674 errorum
619 615 719 673 talium
750 625 793 675 est
826 615 989 693 complecio
1019 615 1177 693 prophecie
1211 614 1301 675 Cristi

91 714 226 804 {ffiffii-
301 719 406 779 Matth.
438 740 474 794 24
503 740 562 797 quo
590 721 693 780 dicitur
713 721 794 797 quod
814 723 895 781 multi
917 723 1034 781 venient
1055 723 1085 780 in
1106 722 1227 781 nomine
1251 737 1383 786 squatt.

92 812 164 854 “m
301 827 430 886 dicentes
454 828 535 904 quod
560 828 680 904 quilibet
702 829 818 887 illorum
841 829 1110 905 pseudocristorum
1132 829 1168 886 sit
1189 815 1338 886 Cristus5·

300 942 329 991 et
350 933 457 992 multos
477 933 614 991 seducent
624 932 643 991 ¹.
685 934 851 993 Vendicant
871 935 949 993 enim
967 935 1055 1010 quod,
1072 944 1302 1011 quantumcum-

301 1058 357 1115 que
386 1039 555 1099 difformiter
582 1041 620 1097 ab
647 1041 712 1117 ipso
737 1041 868 1113 vixerint,
892 1058 960 1099 cum
988 1040 1045 1099 sint
1073 1040 1159 1098 amici
1184 1040 1247 1098 eius
1274 1048 1327 1116 et5

299 1146 431 1204 membra
458 1146 604 1222 precipua,
627 1146 688 1223 ipse
713 1148 879 1206 necessario
902 1147 1058 1206 coasistet²
1086 1147 1128 1204 eis
1152 1165 1188 1204 ex
1213 1155 1301 1222 pacto

91 1257 279 1361 aniglnssspgpreach
299 1251 448 1328 implendo
469 1252 611 1329 quidquid
631 1252 815 1311 decreverint.
857 1252 996 1324 Qualium
1018 1252 1238 1311 blasfemiamm
1259 1261 1302 1310 est

89 1358 421 1450 ggglffiegslagpinsecclesia
435 1358 525 1417 modo
539 1359 635 1435 plena,
650 1368 681 1416 ut
695 1376 771 1417 unus
785 1358 862 1429 dicit,
875 1357 967 1417 ‘Ecce
980 1360 1026 1417 hic
1038 1365 1079 1416 est
1089 1357 1204 1416 Crzitus
1214 1366 1373 1434 caputMart.
1384 1369 1413 1418 xxi

92 1459 264 1512 chfi⁵²'⁸⁹⁰w⁸¹·
299 1465 422 1524 ecclesie
436 1465 466 1522 in
481 1483 540 1541 quo
555 1465 618 1523 solo
635 1465 741 1523 residet
754 1466 904 1541 potestatis
919 1464 1006 1523 Cristi
1020 1464 1195 1523 omnimoda
1208 1464 1301 1541 pleni·
1312 1451 1345 1498 ²³·

298 1568 399 1643 tud03’
422 1571 493 1630 alius
512 1581 609 1630 autern
630 1571 729 1630 asserit
748 1591 804 1628 ecce
818 1572 885 1628 illic.
929 1571 987 1630 Sed
1007 1571 1119 1630 Cristus
1144 1571 1299 1647 predicens
1311 1595 1339 1633 ιο

299 1677 355 1736 boc
383 1678 544 1753 periculum
571 1678 847 1754 pseudocristorum‚
872 1678 938 1736 licet
968 1678 1052 1737 luerit
1077 1678 1246 1735 insensibile
1274 1686 1302 1735 et

90 1802 280 1896 gugocubreilsitepffl
299 1785 418 1843 tamen⁸
445 1786 657 1861 gravissimum,
683 1787 724 1844 sic
753 1786 898 1844 subnectit
925 1784 1022 1843 Nolite
1049 1786 1166 1855 credere,
1197 1784 1302 1860 supple

90 1904 280 1996 tcnffigmffiry
300 1891 491 1968 magnitudini
513 1891 576 1949 talis
601 1892 735 1968 potencie
757 1892 813 1949 nisi
836 1891 871 1950 de
896 1901 1006 1968 quanto
1028 1891 1058 1948 in
1080 1891 1137 1948 fide
1159 1892 1301 1966 scripture

89 1962 266 2096 ξίῗῖἷὲἓξξὲς
300 1996 453 2056 efficaciter
477 1997 513 2055 sit
543 1997 656 2067 edocta,
685 1997 753 2073 quia
783 1997 903 2074 quilibet
935 1996 1103 2068 Cristianus,
1131 1997 1302 2074 ubicunque

90 2085 172 2146 neitier
208 2119 283 2164 venor
298 2104 402 2162 fuerit*
417 2104 566 2174 formatus,
578 2103 635 2161 fide
648 2103 786 2178 scripture
800 2102 886 2161 habet
897 2103 1023 2162 Cristum
1039 2104 1092 2162 sibi
1107 2104 1301 2174 assistentem,
1312 2132 1337 2184 15

90 2154 167 2214 bisbop
180 2118 212 2196 door
220 2156 253 2196 hrs

89 2205 201 2247 ΨΜ·
300 2219 328 2269 et
352 2210 415 2269 sine
436 2209 493 2268 alio
515 2228 592 2286 papa
616 2210 661 2268 vel
689 2219 879 2269 conversante
904 2210 1044 2287 episcopo
1070 2210 1125 2269 sibi
1151 2209 1301 2268 sufficiens

90 2328 291 2421 ggtspffiefuat
300 2316 337 2375 ad
359 2315 488 2374 salutem.
531 2315 721 2374 Concreditur
742 2326 841 2374 tamen
866 2316 955 2392 quod,
981 2316 1054 2374 sicut
1078 2315 1148 2373 mali
1172 2316 1299 2373 multum

90 2428 147 2570 ἓξὲξ
157 2429 295 2521 geenffiof
301 2422 438 2496 officiunt,
456 2423 496 2481 sic
510 2422 595 2480 boni⁶
611 2422 647 2480 de
666 2431 777 2500 quanto
793 2423 940 2481 imitantur
957 2423 1084 2482 Cristum
1104 2431 1134 2480 et
1150 2421 1302 2498 apostolos

91 2530 292 2622 ffifflffl
302 2528 424 2588 multum
438 2527 601 2605 proficiunt,
615 2538 644 2586 et
661 2528 782 2603 legibus,
797 2529 880 2605 penis
894 2539 923 2587 et
937 2528 1049 2586 iudiciis
1065 2545 1168 2586 eorum
1184 2536 1302 2604 oportet

90 2629 229 2682 triumphant.
300 2635 419 2694 credere
447 2634 483 2693 de
508 2643 619 2711 quanto
647 2635 826 2693 concordant
854 2653 922 2693 cum
948 2634 1070 2693 ecclesia
1094 2634 1301 2709 triumphante.
1311 2653 1340 2691 ao

300 2740 396 2812 Unde,
411 2741 480 2817 quia
494 2758 563 2816 sepe
577 2740 698 2815 contigit
715 2739 900 2812 contrarium,
915 2739 982 2799 ideo
1001 2738 1126 2797 attento⁶
1141 2738 1180 2797 ad
1199 2737 1297 2814 legem

301 2847 396 2917 eristi,
424 2865 481 2923 que
515 2865 568 2922 per
604 2863 634 2903 se
666 2845 779 2917 sufficit,
807 2845 844 2903 de
879 2846 937 2903 suis
971 2841 1103 2920 legibus⁷
1131 2844 1303 2902 secundarie

301 2960 344 3012 est
365 2951 534 3010 curandum.
578 2951 657 3010 Sicut
678 2952 756 3011 enim
778 2951 942 3027 diligendus
964 2961 1008 3009 est
1027 2949 1135 3025 legifer,
1158 2951 1200 3008 sic
1221 2950 1301 3026 diligi

301 3059 387 3117 debet
407 3075 492 3115 suum
510 3057 674 3133 imperium,
690 3054 704 3087 *
722 3075 789 3116 cum
814 3058 860 3116 lex
883 3058 951 3116 facit
975 3057 1134 3132 legiferum,
1150 3075 1253 3132 regem
1274 3066 1301 3117 et
1309 3076 1370 3126 4¹10,

302 3164 464 3224 dominum.
505 3163 544 3223 Et
564 3164 604 3222 sic
624 3164 792 3222 conceditur
814 3163 894 3239 quod
920 3164 972 3222 rite
994 3163 1238 3221 excomunicatus
1259 3171 1339 3224 estu

90 3278 297 3373 {immid
304 3269 515 3329 racionabiliter
523 3271 695 3347 puniendus.
719 3268 733 3301 *
757 3269 838 3327 ⁸Sed
852 3279 967 3345 oportet
977 3270 1099 3328 omnino
1108 3287 1211 3327 cavere
1221 3268 1301 3346 quod
1311 3262 1406 3317 nollet

91 3380 276 3483 ffifflssiffly
305 3388 364 3438 tam
386 3376 622 3436 excomunicacio
637 3393 726 3452 quam
740 3376 858 3453 punicio
873 3376 908 3433 sit
923 3375 1023 3450 legalis
1037 3392 1097 3450 quo
1119 3374 1157 3433 ad
1179 3391 1301 3433 causam

91 3483 257 3574 ffiffi‘be
303 3494 333 3544 et
351 3484 484 3544 formam.
526 3481 615 3539 Unde
632 3500 751 3541 causam
770 3481 831 3539 eius
850 3481 961 3539 videtur
979 3479 1049 3536 mihi
1066 3479 1174 3537 debere
1193 3497 1301 3556 appro-

91 3581 177 3684 {affl
186 3583 254 3683 2220,
263 3631 288 3673 of
302 3590 430 3648 bandam
444 3607 507 3647 esse
521 3588 551 3645 in
563 3587 675 3664 synodo
691 3587 837 3664 provincie
852 3586 979 3661 generali
994 3595 1151 3661 antequam
1164 3583 1303 3662 prepositi

92 3681 243 3733 ‘helmum
302 3695 463 3772 procedant
486 3693 525 3754 ad
550 3710 657 3770 penam
682 3691 837 3768 publicam.
877 3692 917 3750 Et
942 3692 995 3764 ista
1017 3690 1129 3749 videtur
1153 3691 1302 3749 sentencia
1311 3704 1340 3753 30

91 3790 274 3895 ffiffissn
301 3802 374 3878 legis
395 3801 484 3858 xxiiii.
499 3819 527 3876 q.
543 3800 572 3857 iii
593 3799 654 3857 ‘De
669 3799 765 3856 illicita
784 3795 1096 3857 excomunicacione:'
1125 3797 1183 3867 lex,
1293 3841 1373 3909 ,xm
1381 3851 1402 3913 Q·

92 3892 225 3985 {‘}s,²c{¹¹¹¹¹¹³‘
302 3906 476 3966 Iustziuizm'⁹
489 3907 623 3965 catholici
633 3905 818 3980 imperatorii,
832 3922 917 3980 quam
930 3903 1035 3980 probat
1046 3909 1072 3960 et
1084 3908 1181 3960 servat
1191 3904 1301 3962 ecclesa
1310 3926 1341 3975 fii
1350 3937 1366 3971 c,
1375 3915 1392 3964 6.

333 4095 481 4152 ¹seducent.
497 4111 543 4146 om.
562 4106 587 4144 n
694 4092 852 4152 'coassistit
871 4104 894 4141 Β.
1001 4092 1084 4142 ⁸cum
1100 4097 1151 4155 pro
1167 4097 1259 4150 tamen,
1275 4101 1300 4139 n

300 4175 358 4223 ‘sit
370 4181 419 4239 pro
435 4173 554 4229 fuerim.
638 4171 788 4231 ⁵buniam.
802 4183 828 4220 Α.
918 4168 1094 4229 θειϊῒειιὶίο,Α.
1180 4165 1301 4228 'leviten

296 4257 352 4316 post
371 4250 467 4315 legibus
481 4249 537 4300 add.
551 4261 574 4298 u.
678 4248 736 4299 'de
755 4246 1022 4304 excommunicacione,
1043 4251 1103 4294 nota
1123 4245 1153 4293 in
1172 4261 1252 4309 marga
1272 4256 1297 4296 A„

300 4329 311 4360 ⁹
324 4328 460 4392 justiciarii,
473 4340 506 4386 Α;
522 4325 655 4390 justiciam,
669 4337 692 4375 Β,
