2828 5048
613 396 662 447 DE
685 395 832 448 OFFICIO
856 395 975 447 REGIS.

300 554 415 614 dotacio
435 553 500 613 lacit
519 555 598 631 quod
619 555 744 630 dignitas
764 554 950 614 sacerdotalis
970 553 1007 612 sit
1024 551 1125 624 maior,
1140 570 1211 611 curn
1226 562 1300 612 tunc

299 662 389 720 nostri
418 662 546 738 episcopi
574 663 604 719 in
627 662 684 721 hoc
708 662 881 720 excederent
906 670 1039 719 sanctum
1059 660 1186 719 Petrum.
1228 659 1304 718 Plus

300 767 386 844 igitur
400 768 471 827 foret
487 787 606 827 necesse
620 769 682 845 regi
697 779 725 827 et
739 787 831 845 regno
850 768 1005 844 disponere
1027 776 1130 825 contra
1151 785 1303 843 expensas

300 873 559 933 extraordinarias¹
574 876 755 951 superiorum
768 875 939 934 clericorum
953 893 1042 951 quam
1056 883 1159 933 contra
1173 874 1304 932 culicem

301 980 476 1057 simplicium
490 982 681 1040 sacerdotum.
722 983 795 1040 Ideo
809 981 890 1058 quod
904 981 943 1039 illi
961 981 1142 1056 singulariter
1156 981 1187 1038 in
1201 982 1333 1046 stricto5

302 1088 445 1165 stipendio
467 1088 632 1161 limitantur,
656 1108 693 1147 ex
716 1089 923 1166 procuracione
951 1089 1128 1166 potencioris
1148 1088 1306 1165 presbiteri

302 1197 410 1255 carceri
435 1196 645 1272 mancipantur,
667 1205 695 1253 et
716 1195 911 1271 multipliciter
929 1215 981 1273 per
1001 1195 1092 1254 laicos
1113 1196 1306 1271 castigantur,

302 1320 363 1360 non
389 1303 477 1375 racio,
500 1303 553 1361 sed
581 1304 777 1362 mammonica
805 1302 929 1369 racionis
951 1303 1111 1379 depressio,
1133 1302 1307 1361 introducit.

302 1407 390 1467 Unde
408 1428 473 1467 reor
495 1409 590 1468 solum
612 1428 663 1468 eos
684 1409 731 1467 isti
753 1411 899 1468 sentencie
920 1410 1118 1469 contradicere
1133 1409 1184 1486 qui
1200 1409 1306 1467 sitiunt

302 1515 464 1573 dominium
477 1516 521 1574 vel
535 1525 671 1592 questum
686 1515 783 1587 seculi,
798 1516 828 1573 in
842 1517 924 1575 cuius
938 1517 1055 1592 signum
1070 1514 1308 1575 contradictores
1320 1525 1354 1560 10

302 1621 373 1679 tales
387 1641 449 1680 non
466 1632 591 1697 querunt
611 1623 667 1681 nisi
688 1623 718 1680 in
739 1623 826 1681 altera
847 1624 966 1682 istarum
988 1639 1141 1681 causarum
1159 1621 1308 1680 auxilium

95 1741 138 1781 But
147 1740 183 1781 the
191 1739 250 1790 Kinr
277 1788 283 1798 ,
303 1728 413 1787 brachii
434 1728 577 1789 secularis.
619 1728 657 1787 Et
679 1740 820 1806 quantum
835 1730 873 1788 ad
887 1748 991 1788 omnes
1005 1729 1085 1806 leges
1099 1729 1146 1788 vel
1168 1729 1310 1788 raciones

93 1799 149 1832 must
156 1791 207 1881 onlp
215 1791 244 1831 do
252 1790 295 1830 thrs

93 1842 270 1933 ssr‘ffll‘elissslien
303 1835 333 1892 in
348 1836 516 1912 oppositum
535 1836 698 1912 alligandas
718 1845 798 1911 patet
813 1836 893 1912 quod
909 1837 1049 1895 tolluntur
1062 1853 1115 1912 per
1136 1835 1204 1904 hoc,
1220 1835 1308 1912 quod

92 1942 218 1983 hisclerical
303 1962 355 2001 rex
380 1962 441 2001 non
469 1944 555 2001 debet
579 1943 632 2001 hec
658 1943 750 2002 facere
774 1945 805 2001 in
829 1963 956 2021 persona
979 1944 1052 2003 laica
1074 1944 1129 2001 nisi
1148 1943 1310 2002 deficiente

93 1992 199 2034 ministers
208 1990 244 2032 fail

93 2043 434 2108 him20¹0¹⁵0⁰¹¹²²ministro
463 2069 517 2108 suo
546 2051 660 2122 clerico,
689 2049 733 2108 vel
761 2051 784 2108 si
812 2051 935 2126 corrigat
959 2070 1012 2128 per
1034 2051 1141 2109 laicum
1164 2050 1222 2109 hoc
1251 2052 1310 2110 erit
1321 2070 1352 2121 15

95 2143 210 2191 osaction3
224 2143 258 2184 sor

94 2195 132 2235 the
140 2194 250 2244 layjudge

109 2295 212 2336 mo„
221 2294 290 2335 „he
303 2273 453 2338 peccatum
468 2264 629 2322 secundum
643 2265 792 2323 racionem
805 2274 907 2324 contra
921 2266 1123 2342 perturbatum
1133 2265 1310 2341 reipublice,

111 2345 131 2386 'n
147 2345 250 2393 dom,the

92 2360 161 2498 judie
169 2446 202 2487 sor
211 2446 247 2486 the

94 2093 194 2134 different
202 2093 285 2144 ground

301 2157 462 2216 secundum
483 2157 628 2234 disparem
648 2159 807 2217 racionem.
849 2158 942 2217 Iudex
963 2159 1042 2217 enirn
1065 2158 1202 2217 secularis
1220 2160 1311 2234 punit

93 2245 194 2296 punishes
202 2246 235 2285 sor
245 2243 282 2284 the

94 2394 245 2436 mima
304 2379 333 2427 et
346 2370 432 2427 iudex
452 2371 660 2429 ecclesiasticus
681 2372 841 2430 secundum
862 2373 1010 2431 racionem
1032 2381 1134 2431 contra
1154 2374 1310 2431 turbatum

95 2496 290 2590 pc'ffissffifflmsth‘
305 2477 432 2536 ecclesie.
482 2477 548 2536 Alie
571 2489 668 2537 autem
697 2488 764 2536 sunt
790 2478 907 2554 argucie
929 2479 966 2537 de
989 2477 1160 2538 confusione
1185 2479 1309 2539 iuridic-

305 2584 423 2642 cionum
442 2603 499 2661 que
521 2602 582 2642 non
603 2595 670 2643 sunt
690 2585 777 2661 digne
799 2585 956 2656 solucione,
976 2604 1034 2644 nec
1054 2595 1143 2644 testes
1164 2587 1311 2647 credendi
1322 2607 1355 2644 πο

185 2767 187 2771 Α
305 2700 372 2749 sunt
387 2692 417 2749 in
428 2692 483 2750 ista
495 2693 616 2750 materia
630 2691 683 2750 nisi
698 2692 734 2749 de
749 2701 858 2768 quanto
869 2710 899 2750 se
914 2692 1096 2750 fundaverint
1110 2693 1141 2751 in
1152 2694 1310 2770 scriptura.

95 2797 252 2890 {ligggetfiacffii
305 2796 392 2856 Unde
404 2798 514 2856 videtur
528 2799 596 2856 mihi
608 2799 689 2875 quod
703 2817 753 2857 rex
768 2799 854 2857 debet
867 2799 1001 2857 ordinare
1015 2809 1047 2857 ut
1060 2808 1122 2858 tota
1135 2798 1149 2830 *
1162 2802 1313 2876 peccunia
1319 2810 1413 2858 Fon

96 2898 299 2990 ἷξξίξζᾙῗξῃᾞ
306 2905 532 2962 extraordinaria
566 2924 656 2981 quam
690 2906 791 2981 prelati
822 2925 839 2963 a
867 2906 946 2964 clero
980 2907 1026 2965 vel
1061 2906 1136 2965 laico
1171 2907 1315 2968 subiecto

96 2999 252 3091 ξζζξῗὲξξξ
308 3009 448 3086 colligunt
462 3012 496 3069 sit
510 3013 685 3087 pauperibus
699 3013 765 3083 suis,
777 3013 882 3089 quibus
895 3012 1022 3071 multatis
1036 3013 1188 3071 iniuriatus
1203 3013 1311 3089 fuerat,

96 3099 282 3200 {leeffcffilsffss‘j‘sscts
308 3116 465 3189 distributa,
482 3118 526 3175 vel
549 3118 637 3176 docto
660 3118 697 3177 de
719 3119 885 3177 extorsione
908 3119 989 3196 quod
1011 3120 1047 3178 sit
1068 3120 1107 3177 illi
1129 3121 1179 3195 qui
1198 3122 1358 3203 patitu125

96 3200 299 3302 {lssffiss'sslfestssgssr
307 3223 440 3280 iniuriam
461 3225 600 3284 restituta.
642 3225 733 3296 Quod
754 3225 778 3283 si
798 3225 925 3301 prelatus
947 3226 1101 3285 iustificare
1124 3244 1186 3284 non
1201 3227 1313 3287 sufficit

96 3315 121 3344 ⁰¹
130 3302 242 3343 “sund‘d'
306 3339 401 3388 currat
415 3329 445 3387 in
459 3349 527 3388 eum
541 3331 588 3388 lex
603 3332 678 3407 regis
693 3331 729 3390 de
744 3332 850 3402 debito,
867 3332 907 3391 sic
923 3333 1003 3410 quod
1017 3333 1112 3409 ipsum
1126 3334 1313 3394 convincens
1358 3406 1363 3411 .

305 3436 461 3513 reportet*
478 3437 618 3514 duplum²
641 3438 678 3496 ad
700 3440 873 3514 peccuniam
895 3439 1020 3498 levatam
1043 3440 1079 3498 de
1098 3440 1225 3512 subdit0,
1250 3461 1400 3520 quernos,

304 3544 490 3603 distribuatur
517 3545 702 3622 pauperibus.
758 3543 845 3603 Tunc
874 3545 953 3603 enim
984 3547 1108 3604 discerni
1143 3547 1255 3623 poterit
1287 3550 1313 3608 si

306 3651 433 3709 multans
448 3652 483 3710 sit
496 3651 561 3728 plus
573 3651 692 3709 affectus
706 3651 848 3728 peccunie
864 3670 953 3728 quarn
967 3652 1051 3711 saluti
1066 3652 1161 3711 anime
1182 3655 1313 3714 subiecti
1321 3678 1356 3728 30

306 3767 336 3818 et
350 3771 543 3835 purgamento
556 3760 638 3835 regni
653 3778 670 3816 a
684 3759 812 3818 crimine.
853 3759 934 3817 Nam
952 3759 1033 3818 aliter
1054 3759 1216 3819 simoniace
1238 3761 1316 3822 facit

308 3864 424 3935 furtum,
452 3873 481 3923 et
508 3865 623 3924 aliunde
651 3866 777 3941 providit
804 3884 854 3923 rex
883 3866 988 3924 talibus
1016 3867 1076 3924 suis
1103 3866 1250 3928 officiariis
1281 3871 1315 3929 in

307 3972 527 4048 temporalibus
552 3972 618 4031 licet
645 3974 723 4030 bona
750 3991 913 4049 pauperum
940 3973 978 4031 ad
1006 3972 1169 4033 fomentum
1196 3977 1317 4051 peccati

340 4147 350 4177 ¹
367 4148 542 4207 exordinatus,
554 4161 579 4197 Α.
656 4146 666 4176 ²
682 4150 716 4197 In
734 4150 853 4214 inferiori
868 4165 948 4214 marg.
965 4150 1043 4215 hujus
1055 4151 1167 4213 paginae
1186 4167 1204 4199 a
1219 4154 1316 4214 prima

308 4243 387 4274 ›trarzu
405 4227 461 4275 daec
478 4227 551 4274 verba
570 4227 662 4290 serapia
679 4234 754 4275 sunt:
773 4228 840 4277 Vasa
857 4227 926 4292 figuli
944 4229 1032 4291 probat
1048 4228 1136 4278 somax
1152 4236 1176 4278 et
1193 4228 1318 4283 homines

309 4305 387 4353 iustos
398 4306 532 4368 temptacio
544 4304 721 4366 tribulacionis,
735 4317 758 4353 Β.
